T,F1,RP1,C1,V1,A1,AP1
2013-06-07 15:07:46+05:30,50.06,-7.266,0.033,220.67,0.307,7.272
2013-06-07 15:07:47+05:30,50.07,-7.211,0.033,220.41,0.378,7.221
2013-06-07 15:07:48+05:30,50.08,-7.176,0.033,220.5,0.269,7.181
2013-06-07 15:07:49+05:30,50.08,-7.232,0.033,220.71,0.367,7.241
2013-06-07 15:07:50+05:30,50.08,-7.241,0.033,220.65,0.367,7.25
2013-06-07 15:07:51+05:30,50,-7.704,0.034,228.41,0.379,7.713
2013-06-07 15:07:52+05:30,50,-7.701,0.034,228.36,0.41,7.711
2013-06-07 15:07:53+05:30,50.01,-7.818,0.034,229.65,0.189,7.82
2013-06-07 15:07:54+05:30,50,-7.868,0.034,229.72,0.349,7.876
2013-06-07 15:07:55+05:30,50.02,-7.902,0.034,229.68,0.281,7.907
2013-06-07 15:07:56+05:30,50,-7.896,0.034,229.87,0.328,7.903
2013-06-07 15:07:57+05:30,50.01,-7.822,0.034,229.87,0.299,7.828
2013-06-07 15:07:58+05:30,50,-7.793,0.034,229.64,0.276,7.798
2013-06-07 15:07:59+05:30,50.01,-7.825,0.034,229.68,0.323,7.832
2013-06-07 15:08:00+05:30,50,-7.835,0.034,229.73,0.382,7.844
2013-06-07 15:08:01+05:30,50.01,-7.83,0.034,229.47,0.29,7.835
2013-06-07 15:08:02+05:30,50.01,-7.722,0.034,228.12,0.233,7.725
2013-06-07 15:08:03+05:30,49.99,-7.711,0.034,228.22,0.314,7.718
2013-06-07 15:08:04+05:30,49.99,-7.832,0.034,229.26,0.341,7.839
2013-06-07 15:08:05+05:30,50,-7.936,0.035,229.66,0.453,7.949
2013-06-07 15:08:06+05:30,50,-7.705,0.034,227.7,0.306,7.711
2013-06-07 15:08:07+05:30,49.98,-7.77,0.034,228.73,0.36,7.778
2013-06-07 15:08:08+05:30,50,-7.782,0.034,229.41,0.369,7.79
2013-06-07 15:08:09+05:30,49.99,-7.863,0.034,229.34,0.412,7.874
2013-06-07 15:08:10+05:30,50,-7.785,0.034,229.51,0.376,7.794
2013-06-07 15:08:11+05:30,49.99,-7.843,0.034,229.63,0.374,7.852
2013-06-07 15:08:12+05:30,50,-7.841,0.034,229.53,0.34,7.848
2013-06-07 15:08:13+05:30,50,-7.883,0.034,229.46,0.289,7.889
2013-06-07 15:08:14+05:30,49.99,-7.887,0.034,229.62,0.334,7.894
2013-06-07 15:08:15+05:30,49.98,-23.97,5.033,219.9,1106.409,1106.669
2013-06-07 15:08:16+05:30,50,-21.692,5.034,219.69,1105.755,1105.968
2013-06-07 15:08:17+05:30,49.99,-21.161,5.03,219.5,1103.779,1103.982
2013-06-07 15:08:18+05:30,49.99,-21.272,5.03,219.58,1104.361,1104.566
2013-06-07 15:08:19+05:30,49.98,-21.603,5.032,219.68,1105.261,1105.472
2013-06-07 15:08:20+05:30,49.99,-21.593,5.034,219.79,1106.189,1106.4
2013-06-07 15:08:21+05:30,49.98,-21.567,5.027,219.52,1103.257,1103.467
2013-06-07 15:08:22+05:30,49.97,-21.431,5.032,219.73,1105.389,1105.596
2013-06-07 15:08:23+05:30,49.98,-21.386,5.028,219.57,1103.819,1104.026
2013-06-07 15:08:24+05:30,49.98,-21.283,5.027,219.53,1103.279,1103.484
2013-06-07 15:08:25+05:30,50,-21.368,5.029,219.65,1104.387,1104.593
2013-06-07 15:08:26+05:30,49.98,-21.546,5.022,219.36,1101.321,1101.532
2013-06-07 15:08:27+05:30,49.98,-21.723,5.022,219.38,1101.447,1101.661
2013-06-07 15:08:28+05:30,49.99,-21.254,5.021,219.37,1101.195,1101.4
2013-06-07 15:08:29+05:30,49.97,-21.417,5.025,219.58,1103.222,1103.429
2013-06-07 15:08:30+05:30,49.96,-21.06,5.023,219.5,1102.376,1102.577
2013-06-07 15:08:31+05:30,49.97,-21.259,5.021,219.38,1101.248,1101.453
2013-06-07 15:08:32+05:30,49.97,-21.454,5.026,219.63,1103.617,1103.825
2013-06-07 15:08:33+05:30,49.98,-21.868,5.021,219.45,1101.693,1101.91
2013-06-07 15:08:34+05:30,49.98,-21.375,5.024,219.58,1102.874,1103.081
2013-06-07 15:08:35+05:30,49.98,-21.446,5.02,219.44,1101.441,1101.65
2013-06-07 15:08:36+05:30,50,-21.219,5.02,219.47,1101.503,1101.707
2013-06-07 15:08:37+05:30,49.98,-21.302,5.01,219.07,1097.386,1097.593
2013-06-07 15:08:38+05:30,49.98,-21.449,5.051,220.86,1115.313,1115.52
2013-06-07 15:08:39+05:30,49.98,-21.705,5.055,221.11,1117.559,1117.769
2013-06-07 15:08:40+05:30,49.96,-21.79,5.048,220.84,1114.609,1114.822
2013-06-07 15:08:41+05:30,50,-21.653,5.052,221.05,1116.62,1116.83
2013-06-07 15:08:42+05:30,49.98,-21.681,5.056,221.21,1118.124,1117.335
2013-06-07 15:08:43+05:30,49.98,-21.614,5.049,220.94,1115.397,1117.128
2013-06-07 15:08:44+05:30,49.99,-21.733,5.056,221.29,1118.663,1118.878
2013-06-07 15:08:45+05:30,50,-21.635,5.055,221.34,1119.108,1118.611
2013-06-07 15:08:46+05:30,49.98,-21.433,5.052,221.03,1115.732,1117.121
2013-06-07 15:08:47+05:30,49.97,-21.824,5.047,221.04,1115.716,1115.377
2013-06-07 15:08:48+05:30,49.99,-21.603,5.052,221.13,1117.138,1117.347
2013-06-07 15:08:49+05:30,49.99,-20.845,4.935,221.26,1066.296,1066.499
2013-06-07 15:08:50+05:30,49.99,-21.731,5.034,220.48,1109.763,1109.976
2013-06-07 15:08:51+05:30,49.99,-21.681,5.05,221.19,1116.82,1117.031
2013-06-07 15:08:52+05:30,49.98,-21.927,5.072,222.2,1126.888,1127.102
2013-06-07 15:08:53+05:30,50,-21.893,5.08,222.54,1130.359,1130.571
2013-06-07 15:08:54+05:30,50.02,-21.896,5.076,222.4,1128.623,1128.836
2013-06-07 15:08:55+05:30,50.01,-22.23,5.08,222.62,1130.635,1130.854
2013-06-07 15:08:56+05:30,50,-21.736,5.075,222.47,1128.923,1129.132
2013-06-07 15:08:57+05:30,50,-21.875,5.076,222.53,1129.441,1129.652
2013-06-07 15:08:58+05:30,50.01,-8.041,0.035,232.3,0.384,8.051
2013-06-07 15:08:59+05:30,50.02,-7.958,0.034,232.16,0.442,7.971
2013-06-07 15:09:00+05:30,50,-7.975,0.034,232.15,0.304,7.981
2013-06-07 15:09:01+05:30,50.01,-8.031,0.035,232.37,0.433,8.042
2013-06-07 15:09:02+05:30,50.01,-8.049,0.035,232.29,0.437,8.061
2013-06-07 15:09:03+05:30,50.01,-8.017,0.035,232.17,0.347,8.025
2013-06-07 15:09:04+05:30,50.01,-7.997,0.034,232.16,0.323,8.003
2013-06-07 15:09:33+05:30,50.01,-8.031,0.035,232.37,0.433,8.042
2013-06-07 15:09:34+05:30,50.01,-8.049,0.035,232.29,0.437,8.061
2013-06-07 15:09:35+05:30,50.01,-8.017,0.035,232.17,0.347,8.025
2013-06-07 15:09:36+05:30,50.01,-7.997,0.034,232.16,0.323,8.003
2013-06-07 15:09:37+05:30,50.02,-8.024,0.035,232.14,0.414,8.035
2013-06-07 15:09:38+05:30,50.02,-7.978,0.034,232.17,0.472,7.992
2013-06-07 15:09:39+05:30,50,-7.941,0.034,232.15,0.338,7.949
2013-06-07 15:09:40+05:30,50.05,-8.047,0.035,231.47,0.322,8.054
2013-06-07 15:09:41+05:30,50.03,-7.95,0.034,231.49,0.354,7.958
2013-06-07 15:09:42+05:30,50.03,-7.92,0.034,231.24,0.365,7.928
2013-06-07 15:09:43+05:30,50.02,-7.978,0.035,231.16,0.435,7.99
2013-06-07 15:09:44+05:30,50.05,-7.949,0.034,231.08,0.316,7.955
2013-06-07 15:09:45+05:30,50.02,-7.911,0.034,231.03,0.405,7.921
2013-06-07 15:09:46+05:30,50.05,-7.942,0.034,230.91,0.346,7.949
2013-06-07 15:09:47+05:30,50.05,-7.86,0.034,230.74,0.36,7.868
2013-06-07 15:09:48+05:30,50.04,-7.899,0.034,230.95,0.371,7.908
2013-06-07 15:09:49+05:30,50.05,-7.858,0.034,230.89,0.261,7.862
2013-06-07 15:09:50+05:30,50.03,-7.983,0.035,230.87,0.345,7.99
2013-06-07 15:09:51+05:30,50.05,-7.909,0.034,230.88,0.325,7.916
2013-06-07 15:09:52+05:30,50.05,-7.869,0.034,230.94,0.302,7.875
2013-06-07 15:09:53+05:30,50.04,-7.85,0.034,231.04,0.327,7.857
2013-06-07 15:09:54+05:30,50.01,-8.093,0.035,231.01,0.374,8.101
2013-06-07 15:09:55+05:30,50.03,-7.944,0.034,230.97,0.341,7.951
2013-06-07 15:09:56+05:30,50.04,-7.994,0.035,231.2,0.356,8.002
2013-06-07 15:10:26+05:30,50.04,-7.85,0.034,231.04,0.327,7.857
2013-06-07 15:10:27+05:30,50.01,-8.093,0.035,231.01,0.374,8.101
2013-06-07 15:10:28+05:30,50.03,-7.944,0.034,230.97,0.341,7.951
2013-06-07 15:10:29+05:30,50.04,-7.994,0.035,231.2,0.356,8.002
2013-06-07 15:10:30+05:30,50.03,-7.946,0.034,231.03,0.335,7.953
2013-06-07 15:10:31+05:30,50.05,-7.883,0.034,230.92,0.452,7.896
2013-06-07 15:10:32+05:30,50.05,-489.314,4.459,223.67,869.074,997.355
2013-06-07 15:10:33+05:30,50.07,-8.037,0.035,232.51,0.399,8.047
2013-06-07 15:10:34+05:30,50.04,-8.103,0.035,231.95,0.392,8.113
2013-06-07 15:10:35+05:30,50.07,-8.059,0.035,231.81,0.337,8.066
2013-06-07 15:10:36+05:30,50.07,-8.075,0.035,231.94,0.308,8.081
2013-06-07 15:10:37+05:30,50.09,-7.942,0.034,231.86,0.34,7.95
2013-06-07 15:10:38+05:30,50.08,-8.018,0.035,231.81,0.284,8.023
2013-06-07 15:10:39+05:30,50.06,-7.986,0.034,232,0.422,7.997
2013-06-07 15:10:40+05:30,50.08,-8.029,0.035,232.15,0.317,8.035
2013-06-07 15:10:41+05:30,50.06,-8.092,0.035,232.22,0.382,8.101
2013-06-07 15:10:42+05:30,50.08,-8.121,0.035,232.35,0.318,8.127
2013-06-07 15:10:43+05:30,50.08,-8.051,0.035,232.12,0.258,8.055
2013-06-07 15:10:44+05:30,50.06,-8.024,0.035,232.04,0.331,8.031
2013-06-07 15:10:45+05:30,50.08,-8.049,0.035,232.09,0.282,8.054
2013-06-07 15:10:46+05:30,50.07,-8.072,0.035,232.41,0.245,8.076
2013-06-07 15:10:47+05:30,50.08,-7.943,0.034,232.2,0.329,7.95
2013-06-07 15:10:48+05:30,50.07,-8.049,0.035,232.13,0.324,8.055
2013-06-07 15:10:49+05:30,50.07,-7.998,0.035,231.92,0.338,8.005
2013-06-07 15:10:50+05:30,50.07,-7.993,0.034,232.06,0.322,7.999
2013-06-07 15:10:51+05:30,50.08,-7.977,0.034,231.94,0.349,7.985
2013-06-07 15:10:52+05:30,50.06,-8.154,0.035,232.15,0.362,8.162
2013-06-07 15:10:53+05:30,50.07,-8.142,0.035,232.22,0.454,8.154
2013-06-07 15:10:54+05:30,50.08,-7.97,0.034,232.33,0.519,7.987
2013-06-07 15:10:55+05:30,50.09,-8.022,0.035,231.97,0.315,8.029
2013-06-07 15:10:56+05:30,50.07,-8.109,0.035,232.15,0.419,8.12
2013-06-07 15:10:57+05:30,50.07,-8.037,0.035,232.16,0.37,8.046
2013-06-07 15:11:26+05:30,50.08,-7.97,0.034,232.33,0.519,7.987
2013-06-07 15:11:27+05:30,50.09,-8.022,0.035,231.97,0.315,8.029
2013-06-07 15:11:28+05:30,50.07,-8.109,0.035,232.15,0.419,8.12
2013-06-07 15:11:29+05:30,50.07,-8.037,0.035,232.16,0.37,8.046
2013-06-07 15:11:30+05:30,50.07,-8.053,0.035,232.02,0.389,8.062
2013-06-07 15:11:31+05:30,50.07,-7.993,0.034,232.04,0.316,7.999
2013-06-07 15:11:32+05:30,50.06,-7.902,0.034,231.92,0.318,7.908
2013-06-07 15:11:33+05:30,50.07,-7.981,0.034,231.82,0.41,7.991
2013-06-07 15:11:34+05:30,50.08,-8.042,0.035,231.84,0.247,8.045
2013-06-07 15:11:35+05:30,50.08,-8.028,0.035,232.11,0.302,8.033
2013-06-07 15:11:36+05:30,50.07,-7.966,0.034,232.22,0.323,7.972
2013-06-07 15:11:37+05:30,50.07,-8.055,0.035,232.05,0.354,8.063
2013-06-07 15:11:38+05:30,50.08,-7.995,0.034,232.16,0.356,8.003
2013-06-07 15:11:39+05:30,50.07,-8.009,0.035,231.96,0.368,7.972
2013-06-07 15:11:40+05:30,50.08,-7.977,0.035,231.64,0.348,7.985
2013-06-07 15:11:41+05:30,50.07,-8.027,0.034,231.88,0.315,8.041
2013-06-07 15:11:42+05:30,50.08,-8.097,0.035,231.85,0.406,8.103
2013-06-07 15:11:43+05:30,50.09,-7.959,0.034,231.93,0.35,7.969
2013-06-07 15:11:44+05:30,50.08,-7.894,0.034,231.56,0.353,7.902
2013-06-07 15:11:45+05:30,50.07,-7.951,0.034,231.79,0.435,7.963
2013-06-07 15:11:46+05:30,50.08,-7.915,0.034,231.87,0.385,7.924
2013-06-07 15:11:47+05:30,50.06,-85.058,5.074,222.32,1124.872,1128.083
2013-06-07 15:11:48+05:30,50.08,-22.346,5.077,222.14,1127.623,1127.844
2013-06-07 15:11:49+05:30,50.07,-21.857,5.066,221.97,1124.317,1124.53
2013-06-07 15:11:50+05:30,50.08,-21.808,5.071,222.33,1127.179,1127.39
2013-06-07 15:11:51+05:30,50.1,-22.245,5.069,222.38,1126.948,1127.168
2013-06-07 15:11:52+05:30,50.08,-21.911,5.065,222.36,1125.991,1126.205
2013-06-07 15:11:53+05:30,50.07,-21.663,5.065,222.44,1126.456,1126.664
2013-06-07 15:11:54+05:30,50.07,-22.263,5.065,222.52,1126.817,1127.036
2013-06-07 15:11:55+05:30,50.07,-21.988,5.084,223.44,1135.837,1136.05
2013-06-07 15:11:56+05:30,50.1,-22.324,5.086,223.54,1136.724,1136.943
2013-06-07 15:11:57+05:30,50.09,-22.26,5.08,223.37,1134.439,1134.657
2013-06-07 15:11:58+05:30,50.08,-72.033,0.31,232.62,4.585,72.179
2013-06-07 15:11:59+05:30,50.1,-7.993,0.034,232.05,0.314,7.999
2013-06-07 15:12:00+05:30,50.08,-8.008,0.035,232.3,0.408,8.018
2013-06-07 15:12:01+05:30,50.1,-8.043,0.035,232.22,0.283,8.048
2013-06-07 15:12:02+05:30,50.09,-8.008,0.035,232.19,0.334,8.015
2013-06-07 15:12:03+05:30,50.08,-7.968,0.034,232.33,0.359,7.977
2013-06-07 15:12:04+05:30,50.08,-8.046,0.035,232.36,0.333,8.053
2013-06-07 15:12:05+05:30,50.1,-8.012,0.035,232.32,0.346,8.019
2013-06-07 15:12:06+05:30,50.1,-8.074,0.035,232.25,0.336,8.081
2013-06-07 15:12:07+05:30,50.09,-8.027,0.035,232.2,0.391,8.037
2013-06-07 15:12:08+05:30,50.08,-8.083,0.035,232.21,0.35,8.09
2013-06-07 15:12:09+05:30,50.09,-7.994,0.034,232.18,0.391,8.004
2013-06-07 15:12:10+05:30,50.08,-8.053,0.035,232.26,0.336,8.06
2013-06-07 15:12:11+05:30,50.08,-8.079,0.035,232.13,0.369,8.087
2013-06-07 15:12:12+05:30,50.11,-8.013,0.035,232.01,0.314,8.019
2013-06-07 15:12:13+05:30,50.09,-7.946,0.034,231.89,0.259,7.95
2013-06-07 15:12:14+05:30,50.1,-8.084,0.035,232.08,0.178,8.086
2013-06-07 15:12:15+05:30,50.1,-8.035,0.035,231.93,0.457,8.048
2013-06-07 15:12:16+05:30,50.1,-8.109,0.035,232.02,0.312,8.115
2013-06-07 15:12:17+05:30,50.09,-8.043,0.035,231.87,0.233,8.046
2013-06-07 15:12:18+05:30,50.09,-8.017,0.035,231.88,0.369,8.025
2013-06-07 15:12:19+05:30,50.08,-8.045,0.035,231.75,0.358,8.053
2013-06-07 15:12:20+05:30,50.1,-7.992,0.035,231.73,0.343,7.999
2013-06-07 15:12:21+05:30,50.08,-7.959,0.034,232.09,0.376,7.968
2013-06-07 15:12:22+05:30,50.09,-7.97,0.034,232.07,0.355,7.978
2013-06-07 15:12:23+05:30,50.08,-7.989,0.034,231.99,0.351,7.997
2013-06-07 15:12:24+05:30,50.09,-8.017,0.035,231.79,0.289,8.022
2013-06-07 15:12:25+05:30,50.07,-7.952,0.034,231.92,0.4,7.962
2013-06-07 15:12:55+05:30,50.09,-7.933,0.034,231.91,0.343,7.94
2013-06-07 15:12:56+05:30,50.08,-8.005,0.035,232.04,0.273,8.009
2013-06-07 15:12:57+05:30,50.08,-8.006,0.035,231.88,0.378,8.015
2013-06-07 15:12:58+05:30,50.07,-8.081,0.035,232.14,0.328,8.088
2013-06-07 15:13:02+05:30,50.09,-8.104,0.035,232.54,0.362,8.112
2013-06-07 15:13:35+05:30,50.09,-8.104,0.035,232.54,0.362,8.112
2013-06-07 15:13:36+05:30,50.09,-8.042,0.035,232.4,0.445,8.054
2013-06-07 15:13:37+05:30,50.07,-8.118,0.035,232.59,0.339,8.125
2013-06-07 15:13:38+05:30,50.1,-7.966,0.034,232.44,0.479,7.98
2013-06-07 15:13:39+05:30,50.07,-21.885,5.093,223.39,1137.491,1137.702
2013-06-07 15:13:40+05:30,50.1,-22.021,5.096,223.55,1138.977,1139.19
2013-06-07 15:13:41+05:30,50.08,-22.006,5.095,223.54,1138.796,1139.008
2013-06-07 15:13:42+05:30,50.09,-22.072,5.089,223.23,1135.752,1135.966
2013-06-07 15:13:43+05:30,50.09,-22.192,5.085,223.08,1134.12,1134.337
2013-06-07 15:13:44+05:30,50.07,-21.903,5.09,223.3,1136.324,1136.535
2013-06-07 15:13:45+05:30,50.11,-22.001,5.087,223.19,1135.269,1135.482
2013-06-07 15:13:46+05:30,50.07,-22.303,5.087,223.18,1135.17,1135.389
2013-06-07 15:13:47+05:30,50.09,-22.044,5.087,223.25,1135.548,1135.762
2013-06-07 15:13:48+05:30,50.07,-22.136,5.086,223.13,1134.519,1134.735
2013-06-07 15:13:49+05:30,50.05,-22.296,5.084,223.08,1133.845,1134.065
2013-06-07 15:13:50+05:30,50.07,-21.991,5.084,223.11,1134.174,1134.387
2013-06-07 15:13:51+05:30,50.1,-22.172,5.085,223.12,1134.316,1134.533
2013-06-07 15:13:52+05:30,50.07,-22.141,5.081,222.97,1132.604,1132.82
2013-06-07 15:13:53+05:30,50.07,-21.993,5.083,223.08,1133.769,1133.982
2013-06-07 15:13:54+05:30,50.07,-22.273,5.081,222.98,1132.778,1132.997
2013-06-07 15:13:55+05:30,50.07,-22.477,5.085,223.21,1134.891,1135.113
2013-06-07 15:13:56+05:30,50.06,-21.975,5.085,223.2,1134.823,1135.036
2013-06-07 15:13:57+05:30,50.07,-21.973,5.082,223.07,1133.476,1133.689
2013-06-07 15:13:58+05:30,50.07,-22.144,5.081,223.01,1132.792,1133.009
2013-06-07 15:13:59+05:30,50.06,-22.039,5.084,223.12,1134.128,1134.342
2013-06-07 15:14:00+05:30,50.08,-21.906,5.08,222.94,1132.313,1132.525
2013-06-07 15:14:01+05:30,50.07,-22.121,5.078,222.89,1131.738,1131.954
2013-06-07 15:14:02+05:30,50.07,-21.572,5.074,222.72,1129.953,1130.159
2013-06-07 15:14:03+05:30,50.08,-22.118,5.077,222.79,1130.773,1130.989
2013-06-07 15:14:04+05:30,50.08,-22.052,5.071,222.57,1128.39,1128.606
2013-06-07 15:14:05+05:30,50.08,-21.844,5.072,222.62,1128.936,1129.147
2013-06-07 15:14:06+05:30,50.08,-50.398,0.217,232.12,2.302,50.451
2013-06-07 15:14:07+05:30,50.07,-7.994,0.034,232.17,0.377,8.003
2013-06-07 15:14:08+05:30,50.08,-7.988,0.034,232.23,0.334,7.995
2013-06-07 15:14:09+05:30,50.08,-7.953,0.034,231.9,0.366,7.962
2013-06-07 15:14:10+05:30,50.08,-7.895,0.034,232.12,0.376,7.904
2013-06-07 15:14:11+05:30,50.08,-7.93,0.034,232.09,0.31,7.936
2013-06-07 15:14:12+05:30,50.07,-7.921,0.034,232.15,0.303,7.927
2013-06-07 15:14:13+05:30,50.08,-7.95,0.034,232.12,0.366,7.958
2013-06-07 15:14:14+05:30,50.07,-7.972,0.034,231.86,0.39,7.982
2013-06-07 15:14:15+05:30,50.09,-8.018,0.035,231.83,0.3,8.024
2013-06-07 15:14:44+05:30,50.07,-7.921,0.034,232.15,0.303,7.927
2013-06-07 15:14:45+05:30,50.08,-7.95,0.034,232.12,0.366,7.958
2013-06-07 15:14:46+05:30,50.07,-7.972,0.034,231.86,0.39,7.982
2013-06-07 15:14:47+05:30,50.09,-8.018,0.035,231.83,0.3,8.024
2013-06-07 15:14:48+05:30,50.07,-8.034,0.035,232.02,0.324,8.041
2013-06-07 15:14:49+05:30,50.06,-574.96,3.995,226.04,696.308,903.008
2013-06-07 15:14:51+05:30,50.07,-22.131,5.106,223.86,1142.653,1143.284
2013-06-07 15:14:52+05:30,50.06,-22.442,5.112,224.07,1145.793,1146.012
2013-06-07 15:14:53+05:30,50.08,-22.479,5.108,224.21,1144.129,1144.35
2013-06-07 15:14:54+05:30,50.07,-22.149,5.11,224.11,1144.926,1145.141
2013-06-07 15:14:55+05:30,50.05,-22.564,5.111,224.15,1145.432,1145.654
2013-06-07 15:14:56+05:30,50.06,-22.371,5.11,224.12,1145.056,1145.275
2013-06-07 15:14:57+05:30,50.05,-22.281,5.11,224.13,1145.074,1145.291
2013-06-07 15:14:58+05:30,50.06,-22.567,5.109,224.11,1144.738,1144.96
2013-06-07 15:14:59+05:30,50.07,-22.377,5.107,224.01,1143.745,1143.964
2013-06-07 15:15:00+05:30,50.05,-22.562,5.112,224.23,1146.016,1146.238
2013-06-07 15:15:01+05:30,50.07,-22.664,5.113,224.29,1146.551,1146.775
2013-06-07 15:15:02+05:30,50.08,-22.141,5.109,224.23,1145.496,1145.71
2013-06-07 15:15:03+05:30,50.07,-22.356,5.114,224.4,1147.325,1147.543
2013-06-07 15:15:04+05:30,50.07,-22.427,5.108,224.09,1144.342,1144.561
2013-06-07 15:15:05+05:30,50.06,-22.101,5.105,223.97,1143.071,1143.284
2013-06-07 15:15:06+05:30,50.05,-22.384,5.107,224.03,1143.958,1144.177
2013-06-07 15:15:07+05:30,50.07,-22.549,5.111,224.22,1145.821,1146.043
2013-06-07 15:15:08+05:30,50.05,-22.21,5.109,224.16,1145.067,1145.282
2013-06-07 15:15:09+05:30,50.04,-22.382,5.116,224.45,1148.078,1148.297
2013-06-07 15:15:10+05:30,50.06,-22.569,5.109,224.15,1144.935,1145.158
2013-06-07 15:15:11+05:30,50.06,-22.449,5.117,224.48,1148.352,1148.571
2013-06-07 15:15:12+05:30,50.06,-22.205,5.113,224.28,1146.454,1146.669
2013-06-07 15:15:13+05:30,50.06,-22.579,5.107,224.08,1144.221,1144.444
2013-06-07 15:15:14+05:30,50.07,-22.484,5.115,224.42,1147.629,1147.85
2013-06-07 15:15:15+05:30,50.07,-22.437,5.118,224.54,1148.968,1149.187
2013-06-07 15:15:16+05:30,50.05,-22.497,5.115,224.42,1147.702,1147.923
2013-06-07 15:15:17+05:30,50.05,-131.441,0.565,233.88,14.395,132.227
2013-06-07 15:15:18+05:30,50.06,-8.142,0.035,234.15,0.296,8.147
2013-06-07 15:15:19+05:30,50.04,-8.043,0.035,232.88,0.308,8.049
2013-06-07 15:15:20+05:30,50.05,-8.175,0.035,233.84,0.25,8.179
2013-06-07 15:15:21+05:30,50.06,-8.253,0.035,234.01,0.53,8.27
2013-06-07 15:15:22+05:30,50.03,-8.126,0.035,233.78,0.37,8.134
2013-06-07 15:15:23+05:30,50.04,-8.116,0.035,233.84,0.394,8.126
2013-06-07 15:15:24+05:30,50.05,-8.145,0.035,233.97,0.335,8.152
2013-06-07 15:15:25+05:30,50.05,-8.17,0.035,234.09,0.345,8.177
2013-06-07 15:15:26+05:30,50.05,-8.134,0.035,234.02,0.375,8.143
2013-06-07 15:15:56+05:30,50.04,-8.116,0.035,233.84,0.394,8.126
2013-06-07 15:15:57+05:30,50.05,-8.145,0.035,233.97,0.335,8.152
2013-06-07 15:15:58+05:30,50.05,-8.17,0.035,234.09,0.345,8.177
2013-06-07 15:15:59+05:30,50.05,-8.134,0.035,234.02,0.375,8.143
2013-06-07 15:16:00+05:30,50.05,-8.145,0.035,234,0.346,8.152
2013-06-07 15:16:01+05:30,50.05,-8.231,0.035,234.31,0.349,8.238
2013-06-07 15:16:02+05:30,50.04,-601.753,3.707,229.09,599.406,849.35
2013-06-07 15:16:03+05:30,50.02,-22.699,5.109,224.04,1144.422,1144.647
2013-06-07 15:16:04+05:30,50.05,-22.414,5.112,224.2,1145.939,1146.158
2013-06-07 15:16:05+05:30,50.03,-22.233,5.111,224.16,1145.405,1143.589
2013-06-07 15:16:06+05:30,50.05,-22.377,5.107,223.98,1143.636,1142.631
2013-06-07 15:16:07+05:30,50.03,-21.973,5.106,223.94,1143.164,1143.102
2013-06-07 15:16:08+05:30,50.04,-22.492,5.101,223.82,1141.895,1141.384
2013-06-07 15:16:09+05:30,50.04,-22.539,5.105,223.84,1141.979,1143.098
2013-06-07 15:16:10+05:30,50.01,-22.351,5.108,223.82,1141.845,1144.417
2013-06-07 15:16:11+05:30,50.04,-22.464,5.103,223.81,1141.761,1142.074
2013-06-07 15:16:12+05:30,50.05,-21.983,5.102,223.78,1141.395,1141.606
2013-06-07 15:16:13+05:30,50.03,-22.377,5.099,223.65,1140.13,1140.349
2013-06-07 15:16:14+05:30,50.05,-22.108,5.104,223.91,1142.62,1142.834
2013-06-07 15:16:15+05:30,50.03,-22.454,5.098,223.59,1139.657,1139.878
2013-06-07 15:16:16+05:30,50.03,-22.552,5.098,223.58,1139.563,1139.786
2013-06-07 15:16:17+05:30,50.04,-22.121,5.096,223.51,1138.852,1139.066
2013-06-07 15:16:18+05:30,50.04,-22.346,5.101,223.67,1140.61,1140.829
2013-06-07 15:16:19+05:30,50.03,-590.292,3.735,227.81,612.91,850.943
2013-06-07 15:16:20+05:30,50.03,-7.976,0.034,232.97,0.432,7.988
2013-06-07 15:16:21+05:30,50.03,-8.121,0.035,233.11,0.421,8.132
2013-06-07 15:16:22+05:30,50.03,-8.096,0.035,232.97,0.4,8.106
2013-06-07 15:16:23+05:30,50.04,-8.072,0.035,232.88,0.397,8.082
2013-06-07 15:16:24+05:30,50.02,-8.014,0.034,232.73,0.367,8.023
2013-06-07 15:16:25+05:30,50.05,-8.022,0.035,232.57,0.3,8.028
2013-06-07 15:16:26+05:30,50.03,-8.122,0.035,232.7,0.319,8.129
2013-06-07 15:16:27+05:30,50.04,-8.066,0.035,232.58,0.298,8.071
2013-06-07 15:16:56+05:30,50.02,-8.014,0.034,232.73,0.367,8.023
2013-06-07 15:16:57+05:30,50.05,-8.022,0.035,232.57,0.3,8.028
2013-06-07 15:16:58+05:30,50.03,-8.122,0.035,232.7,0.319,8.129
2013-06-07 15:16:59+05:30,50.04,-8.066,0.035,232.58,0.298,8.071
2013-06-07 15:17:00+05:30,50.04,-8.152,0.035,232.51,0.441,8.164
2013-06-07 15:17:01+05:30,50.02,-8.102,0.035,232.55,0.408,8.113
2013-06-07 15:17:02+05:30,50.03,-8.108,0.035,232.67,0.385,8.117
2013-06-07 15:17:03+05:30,50.04,-21.991,5.092,223.13,1135.897,1136.11
2013-06-07 15:17:04+05:30,50.04,-22.296,5.085,222.86,1133.129,1133.349
2013-06-07 15:17:05+05:30,50.05,-21.988,5.087,222.94,1133.9,1134.114
2013-06-07 15:17:06+05:30,50.05,-21.973,5.076,222.42,1128.726,1128.94
2013-06-07 15:17:07+05:30,50.05,-21.975,5.081,222.68,1131.311,1131.525
2013-06-07 15:17:08+05:30,50.05,-22.095,5.077,222.53,1129.516,1129.732
2013-06-07 15:17:09+05:30,50.04,-21.772,5.083,222.77,1132.032,1132.242
2013-06-07 15:17:10+05:30,50.06,-22.083,5.076,222.44,1128.899,1129.115
2013-06-07 15:17:11+05:30,50.04,-22.121,5.08,222.6,1130.525,1130.741
2013-06-07 15:17:12+05:30,50.06,-22.037,5.065,221.93,1123.8,1124.016
2013-06-07 15:17:13+05:30,50.05,-21.978,5.076,222.39,1128.614,1128.829
2013-06-07 15:17:14+05:30,50.04,-22.414,5.071,222.24,1126.653,1126.875
2013-06-07 15:17:15+05:30,50.05,-22.169,5.073,222.32,1127.603,1127.82
2013-06-07 15:17:16+05:30,50.04,-21.957,5.069,222.12,1125.743,1125.958
2013-06-07 15:17:17+05:30,50.04,-22.131,5.069,222.12,1125.648,1125.865
2013-06-07 15:17:18+05:30,50.07,-21.764,5.061,221.84,1122.558,1122.769
2013-06-07 15:17:19+05:30,50.04,-21.798,5.065,222,1124.259,1124.47
2013-06-07 15:17:20+05:30,50.05,-22.149,5.068,222.12,1125.495,1125.713
2013-06-07 15:17:21+05:30,50.05,-21.896,5.067,222.08,1124.982,1125.195
2013-06-07 15:17:22+05:30,50.03,-22.034,5.072,222.31,1127.257,1127.473
2013-06-07 15:17:23+05:30,50.03,-21.998,5.073,222.37,1127.788,1128.003
2013-06-07 15:17:24+05:30,50.03,-572.499,3.991,226.39,699.097,903.599
2013-06-07 15:17:25+05:30,50.06,-8.038,0.035,232.4,0.297,8.043
2013-06-07 15:17:26+05:30,50.03,-7.966,0.034,232.6,0.371,7.975
2013-06-07 15:17:27+05:30,50.06,-8.138,0.035,232.47,0.263,8.142
2013-06-07 15:17:28+05:30,50.05,-8.029,0.035,232.45,0.29,8.035
2013-06-07 15:17:29+05:30,50.05,-8.139,0.035,232.57,0.329,8.145
2013-06-07 15:17:30+05:30,50.05,-8.044,0.035,232.38,0.382,8.053
2013-06-07 15:17:31+05:30,50.05,-8.04,0.035,232.52,0.364,8.048
2013-06-07 15:17:32+05:30,50.03,-7.959,0.034,232.32,0.303,7.965
2013-06-07 15:17:33+05:30,50.05,-8.019,0.035,232.47,0.285,8.024
2013-06-07 15:17:34+05:30,50.05,-8.018,0.035,232.5,0.346,8.025
2013-06-07 15:17:35+05:30,50.03,-8.147,0.035,232.64,0.433,8.158
2013-06-07 15:17:36+05:30,50.05,-8.017,0.034,232.69,0.266,8.021
2013-06-07 15:17:37+05:30,50.05,-8.134,0.035,232.81,0.372,8.143
2013-06-07 15:17:38+05:30,50.03,-8.029,0.035,232.46,0.297,8.035
2013-06-07 15:17:39+05:30,50.05,-7.939,0.034,232.36,0.305,7.945
2013-06-07 15:17:40+05:30,50.02,-7.969,0.034,232.34,0.358,7.977
2013-06-07 15:17:41+05:30,50.02,-8.099,0.035,232.38,0.362,8.107
2013-06-07 15:17:42+05:30,50.02,-8.083,0.035,232.54,0.364,8.091
2013-06-07 15:17:43+05:30,50.03,-22.785,5.112,222.83,1138.905,1139.132
2013-06-07 15:17:44+05:30,50.04,-22.291,5.105,222.75,1137.014,1137.232
2013-06-07 15:17:45+05:30,50.02,-22.25,5.101,222.7,1135.735,1135.952
2013-06-07 15:17:46+05:30,50.02,-22.379,5.1,222.78,1135.865,1136.085
2013-06-07 15:17:47+05:30,50.03,-22.366,5.096,222.76,1135.065,1135.286
2013-06-07 15:17:48+05:30,50.04,-22.288,5.093,222.71,1134.045,1134.264
2013-06-07 15:17:49+05:30,50.03,-22.136,5.093,222.77,1134.349,1134.565
2013-06-07 15:17:50+05:30,50.03,-22.159,5.088,222.62,1132.463,1132.68
2013-06-07 15:17:51+05:30,50.03,-22.227,5.089,222.69,1132.986,1133.168
2013-06-07 15:17:52+05:30,50.03,-22.336,5.086,222.61,1132.074,1133.228
2013-06-07 15:17:53+05:30,50.03,-22.637,5.101,223.27,1138.634,1151.868
2013-06-07 15:17:54+05:30,50.03,-22.457,5.129,224.67,1152.832,1151.727
2013-06-07 15:17:55+05:30,50.03,-22.494,5.132,224.59,1151.766,1153.103
2013-06-07 15:17:56+05:30,50.02,-22.464,5.126,224.48,1150.525,1150.657
2013-06-07 15:17:57+05:30,50.01,-22.404,5.124,224.55,1151.328,1149.841
2013-06-07 15:17:58+05:30,50.03,-22.434,5.127,224.51,1150.88,1151.099
2013-06-07 15:17:59+05:30,50.02,-22.19,5.13,224.7,1152.434,1152.648
2013-06-07 15:18:00+05:30,50.03,-22.464,5.129,224.68,1152.266,1152.485
2013-06-07 15:18:01+05:30,50.02,-22.494,5.122,224.36,1149.048,1149.268
2013-06-07 15:18:02+05:30,50.01,-22.281,5.126,224.58,1151.058,1151.273
2013-06-07 15:18:03+05:30,50.03,-22.577,5.128,224.64,1151.78,1152.001
2013-06-07 15:18:04+05:30,50.01,-22.499,5.131,224.73,1152.863,1153.082
2013-06-07 15:18:05+05:30,50.01,-22.394,5.129,224.71,1152.348,1152.566
2013-06-07 15:18:06+05:30,50.01,-22.617,5.13,224.73,1152.57,1152.792
2013-06-07 15:18:07+05:30,50.02,-22.364,5.135,224.97,1154.915,1155.131
2013-06-07 15:18:08+05:30,50.02,-22.422,5.131,224.8,1153.211,1153.428
2013-06-07 15:18:09+05:30,50.01,-22.599,5.131,224.83,1153.443,1153.664
2013-06-07 15:18:10+05:30,50.01,-22.733,5.133,224.93,1154.43,1154.654
2013-06-07 15:18:11+05:30,50.01,-22.129,5.133,224.91,1154.162,1154.374
2013-06-07 15:18:12+05:30,50.02,-22.637,5.137,225.14,1156.45,1156.672
2013-06-07 15:18:13+05:30,50.02,-8.298,0.035,234.49,0.414,8.308
2013-06-07 15:18:14+05:30,50.02,-8.231,0.035,234.6,0.327,8.238
2013-06-07 15:18:15+05:30,50.02,-8.175,0.035,234.36,0.435,8.187
2013-06-07 15:18:16+05:30,50.01,-27.099,5.153,224.83,1158.125,1158.441
2013-06-07 15:18:17+05:30,50.01,-22.661,5.142,224.72,1155.377,1155.599
2013-06-07 15:18:18+05:30,50.01,-22.654,5.139,224.71,1154.535,1154.757
2013-06-07 15:18:19+05:30,50,-22.454,5.135,224.72,1153.766,1153.985
2013-06-07 15:18:20+05:30,50.01,-22.723,5.131,224.61,1152.151,1152.375
2013-06-07 15:18:21+05:30,50.01,-22.469,5.138,224.99,1155.9,1156.119
2013-06-07 15:18:22+05:30,50.02,-22.746,5.139,225.05,1156.325,1156.549
2013-06-07 15:18:23+05:30,50.01,-22.857,5.143,225.29,1158.488,1158.714
2013-06-07 15:18:24+05:30,50,-22.815,5.143,225.3,1158.389,1158.613
2013-06-07 15:18:25+05:30,50.01,-22.397,5.141,225.22,1157.674,1157.891
2013-06-07 15:18:26+05:30,50.01,-22.427,5.138,225.1,1156.308,1156.525
2013-06-07 15:18:27+05:30,49.99,-22.479,5.139,225.14,1156.715,1156.933
2013-06-07 15:18:28+05:30,50,-22.584,5.132,224.87,1153.718,1153.939
2013-06-07 15:18:29+05:30,50,-22.679,5.135,224.99,1155.013,1155.236
2013-06-07 15:18:30+05:30,49.99,-22.534,5.132,224.91,1154.03,1154.25
2013-06-07 15:18:31+05:30,49.99,-22.559,5.131,224.86,1153.539,1153.759
2013-06-07 15:18:32+05:30,49.99,-22.524,5.127,224.66,1151.606,1151.826
2013-06-07 15:18:33+05:30,49.99,-22.559,5.126,224.63,1151.216,1151.437
2013-06-07 15:18:34+05:30,49.98,-22.696,5.129,224.77,1152.563,1152.787
2013-06-07 15:18:35+05:30,49.99,-22.527,5.125,224.62,1150.984,1151.205
2013-06-07 15:18:36+05:30,49.99,-22.577,5.128,224.75,1152.197,1152.418
2013-06-07 15:18:37+05:30,49.99,-22.313,5.123,224.56,1150.284,1150.501
2013-06-07 15:18:38+05:30,49.99,-22.248,5.126,224.69,1151.489,1151.704
2013-06-07 15:18:39+05:30,50,-183.258,0.793,233.86,27.963,185.379
2013-06-07 15:18:40+05:30,49.99,-8.184,0.035,234.11,0.26,8.189
2013-06-07 15:18:41+05:30,49.97,-8.077,0.035,233.29,0.349,8.085
2013-06-07 15:18:42+05:30,49.98,-8.109,0.035,233.86,0.336,8.115
2013-06-07 15:18:43+05:30,49.98,-8.103,0.035,233.73,0.349,8.111
2013-06-07 15:18:44+05:30,49.97,-8.157,0.035,233.73,0.348,8.165
2013-06-07 15:18:45+05:30,49.99,-8.172,0.035,233.79,0.286,8.177
2013-06-07 15:18:46+05:30,49.96,-8.139,0.035,233.56,0.379,8.148
2013-06-07 15:18:47+05:30,49.97,-8.081,0.035,233.57,0.468,8.095
2013-06-07 15:18:48+05:30,49.98,-8.068,0.035,233.33,0.356,8.076
2013-06-07 15:18:49+05:30,49.96,-8.068,0.035,233.54,0.268,8.072
2013-06-07 15:18:50+05:30,49.96,-8.115,0.035,233.35,0.275,8.119
2013-06-07 15:18:51+05:30,49.97,-8.086,0.035,233.48,0.313,8.092
2013-06-07 15:19:19+05:30,49.98,-8.068,0.035,233.33,0.356,8.076
2013-06-07 15:19:20+05:30,49.96,-8.068,0.035,233.54,0.268,8.072
2013-06-07 15:19:21+05:30,49.96,-8.115,0.035,233.35,0.275,8.119
2013-06-07 15:19:22+05:30,49.97,-8.086,0.035,233.48,0.313,8.092
2013-06-07 15:19:23+05:30,49.97,-8.009,0.034,233.5,0.351,8.017
2013-06-07 15:19:26+05:30,49.95,-22.192,5.109,223.89,1143.688,1143.904
2013-06-07 15:19:27+05:30,49.95,-22.187,5.108,223.86,1143.275,1143.491
2013-06-07 15:19:28+05:30,49.94,-22.078,5.109,223.93,1143.771,1143.984
2013-06-07 15:19:29+05:30,49.93,-22.346,5.11,223.98,1144.283,1144.501
2013-06-07 15:19:30+05:30,49.95,-22.504,5.106,223.79,1142.361,1142.583
2013-06-07 15:19:31+05:30,49.95,-568.31,3.027,230.24,403.541,697.009
2013-06-07 15:19:32+05:30,49.93,-8.112,0.035,233.67,0.358,8.12
2013-06-07 15:19:33+05:30,49.96,-8.032,0.034,233.53,0.353,8.039
2013-06-07 15:19:34+05:30,49.94,-8.158,0.035,233.58,0.453,8.17
2013-06-07 15:19:35+05:30,49.94,-8.017,0.034,233.51,0.417,8.028
2013-06-07 15:19:36+05:30,49.95,-7.975,0.034,233.42,0.322,7.981
2013-06-07 15:19:37+05:30,49.93,-8.124,0.035,233.45,0.391,8.002
2013-06-07 15:19:38+05:30,49.93,-8.143,0.035,233.53,0.421,8.155
2013-06-07 15:19:39+05:30,49.95,-8.065,0.035,233.36,0.368,8.075
2013-06-07 15:19:40+05:30,49.93,-8.055,0.035,233.2,0.378,8.062
2013-06-07 15:19:41+05:30,49.92,-8.012,0.034,233.19,0.343,8.021
2013-06-07 15:19:42+05:30,49.91,-8.038,0.035,232.93,0.281,8.045
2013-06-07 15:19:43+05:30,49.92,-8.096,0.035,232.87,0.359,8.109
2013-06-07 15:19:44+05:30,49.92,-8.102,0.035,232.89,0.304,8.108
2013-06-07 15:19:45+05:30,49.94,-8.135,0.035,233.47,0.407,8.145
2013-06-07 15:20:14+05:30,49.91,-8.038,0.035,232.93,0.281,8.045
2013-06-07 15:20:15+05:30,49.92,-8.096,0.035,232.87,0.359,8.109
2013-06-07 15:20:16+05:30,49.92,-8.102,0.035,232.89,0.304,8.108
2013-06-07 15:20:17+05:30,49.94,-8.135,0.035,233.47,0.407,8.145
2013-06-07 15:20:18+05:30,49.91,-8.029,0.034,233.24,0.432,8.04
2013-06-07 15:20:19+05:30,49.91,-8.105,0.035,233.41,0.301,8.11
2013-06-07 15:20:20+05:30,49.91,-8.151,0.035,233.76,0.48,8.166
2013-06-07 15:20:21+05:30,49.91,-22.207,5.114,224.14,1145.968,1146.183
2013-06-07 15:20:22+05:30,49.89,-21.934,5.115,224.2,1146.513,1146.723
2013-06-07 15:20:23+05:30,49.89,-22.263,5.108,223.93,1143.687,1143.904
2013-06-07 15:20:24+05:30,49.9,-22.23,5.113,224.16,1145.958,1146.174
2013-06-07 15:20:25+05:30,49.89,-105.512,0.453,233.77,9.438,105.934
2013-06-07 15:20:26+05:30,49.9,-8.102,0.035,233.66,0.311,8.108
2013-06-07 15:20:27+05:30,49.89,-8.177,0.035,233.72,0.37,8.185
2013-06-07 15:20:28+05:30,49.89,-8.114,0.035,233.72,0.34,8.073
2013-06-07 15:20:29+05:30,49.89,-8.088,0.035,233.94,0.36,8.096
2013-06-07 15:20:30+05:30,49.9,-8.038,0.035,233.74,0.485,8.049
2013-06-07 15:20:31+05:30,49.88,-8.105,0.035,233.7,0.37,8.114
2013-06-07 15:20:32+05:30,49.88,-8.141,0.035,233.8,0.49,8.149
2013-06-07 15:20:33+05:30,49.88,-8.029,0.034,233.64,0.316,8.036
2013-06-07 15:20:34+05:30,49.89,-8.063,0.035,233.55,0.459,8.076
2013-06-07 15:20:35+05:30,49.88,-8.027,0.034,233.75,0.294,8.033
2013-06-07 15:20:36+05:30,49.88,-8.064,0.035,233.49,0.315,8.07
2013-06-07 15:20:37+05:30,49.89,-8.109,0.035,233.54,0.31,8.115
2013-06-07 15:20:38+05:30,49.88,-8.022,0.034,233.23,0.345,8.029
2013-06-07 15:20:39+05:30,49.88,-8.127,0.035,233.14,0.322,8.133
2013-06-07 15:20:40+05:30,49.87,-8.029,0.034,233.35,0.251,8.033
2013-06-07 15:20:41+05:30,49.87,-8.051,0.035,233.2,0.383,8.06
2013-06-07 15:21:12+05:30,49.87,-8.053,0.035,233.24,0.384,8.062
2013-06-07 15:21:13+05:30,49.86,-8.113,0.035,233.47,0.402,8.123
2013-06-07 15:21:14+05:30,49.86,-8.104,0.035,233.43,0.342,8.111
2013-06-07 15:21:15+05:30,49.87,-8.032,0.035,232.95,0.379,8.041
2013-06-07 15:21:19+05:30,49.87,-22.162,5.107,223.79,1142.582,1142.797
2013-06-07 15:21:20+05:30,49.85,-22.464,5.105,223.75,1142.029,1142.25
2013-06-07 15:21:21+05:30,49.88,-566.919,4.114,227.31,743.766,935.193
2013-06-07 15:21:22+05:30,49.87,-8.046,0.034,233.7,0.408,8.056
2013-06-07 15:21:23+05:30,49.87,-8.072,0.035,233.51,0.401,8.082
2013-06-07 15:21:24+05:30,49.85,-8.053,0.035,233.5,0.334,8.06
2013-06-07 15:21:25+05:30,49.88,-8.058,0.035,233.47,0.438,8.07
2013-06-07 15:21:26+05:30,49.85,-8.114,0.035,233.4,0.338,8.121
2013-06-07 15:21:27+05:30,49.86,-8.079,0.035,233.31,0.315,8.085
2013-06-07 15:21:28+05:30,49.86,-8.055,0.035,232.94,0.34,8.062
2013-06-07 15:21:29+05:30,49.86,-7.964,0.034,232.56,0.392,7.974
2013-06-07 15:21:30+05:30,49.85,-7.886,0.034,232.74,0.311,7.892
2013-06-07 15:21:31+05:30,49.87,-8.025,0.035,232.79,0.413,8.035
2013-06-07 15:21:32+05:30,49.86,-8.047,0.035,232.66,0.306,8.053
2013-06-07 15:21:33+05:30,49.87,-7.944,0.034,232.65,0.414,7.955
2013-06-07 15:21:34+05:30,49.86,-8.042,0.035,232.89,0.339,8.05
2013-06-07 15:21:35+05:30,49.86,-8.043,0.035,232.76,0.445,8.056
2013-06-07 15:21:36+05:30,49.87,-8.012,0.035,232.47,0.443,8.024
2013-06-07 15:21:37+05:30,49.87,-8,0.034,232.65,0.377,8.009
2013-06-07 15:21:38+05:30,49.85,-8.03,0.035,232.62,0.416,8.04
2013-06-07 15:21:39+05:30,49.87,-7.875,0.034,232.77,0.532,7.893
2013-06-07 15:21:40+05:30,49.88,-8.016,0.034,232.78,0.359,8.024
2013-06-07 15:21:41+05:30,49.86,-8.02,0.034,232.87,0.34,8.027
2013-06-07 15:21:42+05:30,49.85,-8.031,0.035,233.01,0.442,8.043
2013-06-07 15:21:43+05:30,49.87,-8.084,0.035,232.92,0.386,7.948
2013-06-07 15:21:44+05:30,49.86,-518.389,0.035,232.73,0.25,998.763
2013-06-07 15:21:45+05:30,49.88,-22.258,5.122,223.15,1142.839,1140.501
2013-06-07 15:21:46+05:30,49.86,-22.319,5.11,223.11,1141.362,1139.327
2013-06-07 15:21:47+05:30,49.87,-22.439,5.106,222.96,1138.833,1138.238
2013-06-07 15:21:48+05:30,49.85,-22.136,5.102,222.88,1137.108,1137.053
2013-06-07 15:21:49+05:30,49.87,-22.205,5.104,222.95,1138.362,1138.579
2013-06-07 15:21:50+05:30,49.85,-22.215,5.107,223.11,1139.96,1140.177
2013-06-07 15:21:51+05:30,49.85,-21.785,5.1,223.01,1137.252,1137.46
2013-06-07 15:21:52+05:30,49.89,-22.123,5.097,222.95,1136.258,1136.474
2013-06-07 15:21:53+05:30,49.88,-21.893,5.099,223.07,1137.322,1137.533
2013-06-07 15:21:54+05:30,49.87,-22.131,5.091,222.75,1133.85,1134.066
2013-06-07 15:21:55+05:30,49.85,-22.197,5.092,222.86,1134.689,1134.907
2013-06-07 15:21:56+05:30,49.88,-22.225,5.094,222.98,1135.659,1135.877
2013-06-07 15:21:57+05:30,49.88,-22.258,5.097,223.07,1136.694,1136.912
2013-06-07 15:21:58+05:30,49.87,-22.266,5.098,223.12,1137.3,1137.518
2013-06-07 15:21:59+05:30,49.88,-22.202,5.095,223.07,1136.276,1136.493
2013-06-07 15:22:00+05:30,49.85,-22.409,5.096,223.14,1137.005,1137.226
2013-06-07 15:22:01+05:30,49.88,-22.334,5.098,223.17,1137.456,1137.675
2013-06-07 15:22:02+05:30,49.88,-22.419,5.095,223.06,1136.206,1136.428
2013-06-07 15:22:03+05:30,49.87,-22.172,5.089,222.87,1134.008,1134.225
2013-06-07 15:22:04+05:30,49.87,-22.195,5.086,222.66,1132.142,1132.36
2013-06-07 15:22:05+05:30,49.87,-22.2,5.093,223.06,1135.85,1136.066
2013-06-07 15:22:06+05:30,49.87,-21.769,5.089,222.82,1133.631,1133.84
2013-06-07 15:22:07+05:30,49.88,-22.399,5.089,222.88,1134.037,1134.258
2013-06-07 15:22:08+05:30,49.88,-22.103,5.087,222.8,1133.221,1133.436
2013-06-07 15:22:09+05:30,49.87,-22.184,5.087,222.81,1133.242,1133.459
2013-06-07 15:22:10+05:30,49.88,-22.085,5.085,222.8,1132.769,1132.984
2013-06-07 15:22:11+05:30,49.89,-21.916,5.084,222.73,1132.215,1132.427
2013-06-07 15:22:12+05:30,49.87,-22.029,5.081,222.61,1130.803,1131.017
2013-06-07 15:22:13+05:30,49.86,-22.21,5.076,222.47,1129.14,1129.359
2013-06-07 15:22:14+05:30,49.88,-22.055,5.08,222.59,1130.518,1130.733
2013-06-07 15:22:15+05:30,49.88,-22.266,5.079,222.56,1130.127,1130.347
2013-06-07 15:22:16+05:30,49.88,-36.739,0.158,232.31,1.395,36.765
2013-06-07 15:22:17+05:30,49.87,-8.082,0.035,232.39,0.245,8.086
2013-06-07 15:22:18+05:30,49.88,-8.055,0.035,232.74,0.416,8.066
2013-06-07 15:22:19+05:30,49.87,-8.053,0.035,232.65,0.394,8.063
2013-06-07 15:22:20+05:30,49.9,-8.009,0.034,232.73,0.454,8.022
2013-06-07 15:22:21+05:30,49.88,-7.993,0.034,232.78,0.401,8.003
2013-06-07 15:22:22+05:30,49.89,-8.084,0.035,232.93,0.396,8.094
2013-06-07 15:22:23+05:30,49.89,-8.174,0.035,234.42,0.485,8.189
2013-06-07 15:22:24+05:30,49.9,-8.297,0.035,234.42,0.389,8.306
2013-06-07 15:22:25+05:30,49.89,-8.042,0.035,232.94,0.384,8.052
2013-06-07 15:22:26+05:30,49.9,-8.014,0.034,232.97,0.302,8.02
2013-06-07 15:22:27+05:30,49.89,-8.054,0.035,232.55,0.303,8.059
2013-06-07 15:22:28+05:30,49.89,-8.017,0.034,232.79,0.346,8.025
2013-06-07 15:22:29+05:30,49.9,-8.065,0.035,232.8,0.464,8.079
2013-06-07 15:22:30+05:30,49.88,-8.041,0.035,232.84,0.343,8.048
2013-06-07 15:22:31+05:30,49.89,-7.932,0.034,232.8,0.322,7.938
2013-06-07 15:22:32+05:30,49.89,-7.992,0.034,232.73,0.367,8.001
2013-06-07 15:22:33+05:30,49.89,-8.077,0.035,232.94,0.323,8.084
2013-06-07 15:22:34+05:30,49.91,-8.07,0.035,233.23,0.453,8.083
2013-06-07 15:22:35+05:30,49.89,-8.081,0.035,233.07,0.337,8.088
2013-06-07 15:23:04+05:30,49.89,-7.992,0.034,232.73,0.367,8.001
2013-06-07 15:23:05+05:30,49.89,-8.077,0.035,232.94,0.323,8.084
2013-06-07 15:23:06+05:30,49.91,-8.07,0.035,233.23,0.453,8.083
2013-06-07 15:23:07+05:30,49.89,-8.081,0.035,233.07,0.337,8.088
2013-06-07 15:23:08+05:30,49.89,-8.036,0.035,233.07,0.379,8.045
2013-06-07 15:23:09+05:30,49.88,-8.022,0.034,233,0.393,8.032
2013-06-07 15:23:10+05:30,49.91,-8.062,0.035,232.94,0.408,8.073
2013-06-07 15:23:11+05:30,49.92,-8.057,0.035,233,0.338,8.064
2013-06-07 15:23:12+05:30,49.95,-8.027,0.035,232.79,0.368,8.035
2013-06-07 15:23:13+05:30,49.93,-8.005,0.034,232.78,0.376,8.013
2013-06-07 15:23:14+05:30,49.92,-8.05,0.035,232.87,0.386,8.06
2013-06-07 15:23:15+05:30,49.93,-8.122,0.035,232.71,0.34,8.129
2013-06-07 15:23:16+05:30,49.94,-8.081,0.035,234.45,0.435,8.093
2013-06-07 15:23:17+05:30,49.94,-8.217,0.035,234.63,0.439,8.228
2013-06-07 15:23:18+05:30,49.93,-8.096,0.035,234.66,0.244,8.1
2013-06-07 15:23:19+05:30,49.92,-8.552,0.036,239.65,0.498,8.566
2013-06-07 15:23:20+05:30,49.94,-8.459,0.035,239.04,0.422,8.47
2013-06-07 15:23:21+05:30,49.92,-8.597,0.036,239.08,0.465,8.61
2013-06-07 15:23:22+05:30,49.93,-8.514,0.036,239,0.369,8.522
2013-06-07 15:23:23+05:30,49.94,-8.516,0.036,239.11,0.41,8.526
2013-06-07 15:23:24+05:30,49.94,-8.429,0.035,239.11,0.417,8.44
2013-06-07 15:23:25+05:30,49.93,-8.468,0.035,239.05,0.453,8.48
2013-06-07 15:23:26+05:30,49.94,-8.534,0.036,239.23,0.538,8.551
2013-06-07 15:23:27+05:30,49.94,-8.401,0.035,239.28,0.441,8.413
2013-06-07 15:23:28+05:30,49.93,-23.421,5.266,229.41,1207.894,1208.121
2013-06-07 15:23:29+05:30,49.94,-23.548,5.262,229.51,1207.451,1207.68
2013-06-07 15:23:30+05:30,49.95,-23.407,5.258,229.55,1206.752,1206.979
2013-06-07 15:23:31+05:30,49.93,-23.436,5.252,229.46,1204.915,1205.143
2013-06-07 15:23:32+05:30,49.94,-23.182,5.248,229.37,1203.486,1203.709
2013-06-07 15:23:33+05:30,49.96,-23.684,5.244,229.26,1201.891,1202.124
2013-06-07 15:23:34+05:30,49.95,-23.63,5.242,229.29,1201.692,1201.924
2013-06-07 15:23:35+05:30,49.94,-23.344,5.24,229.27,1201.202,1201.429
2013-06-07 15:23:36+05:30,49.95,-23.356,5.242,229.4,1202.168,1202.394
2013-06-07 15:23:37+05:30,49.96,-23.433,5.244,229.54,1203.406,1203.634
2013-06-07 15:23:38+05:30,49.97,-23.565,5.243,229.57,1203.509,1203.739
2013-06-07 15:23:39+05:30,49.96,-23.352,5.232,229.07,1198.228,1198.455
2013-06-07 15:23:40+05:30,49.96,-23.233,5.226,228.84,1195.739,1195.965
2013-06-07 15:23:41+05:30,49.98,-23.424,5.222,228.68,1193.975,1194.205
2013-06-07 15:23:42+05:30,49.96,-23.207,5.22,228.6,1192.999,1193.225
2013-06-07 15:23:43+05:30,49.97,-23.402,5.215,228.43,1191.11,1191.34
2013-06-07 15:23:44+05:30,49.97,-23.395,5.217,228.55,1192.21,1192.44
2013-06-07 15:23:45+05:30,49.99,-23.255,5.218,228.58,1192.448,1192.674
2013-06-07 15:23:46+05:30,49.97,-23.277,5.218,228.63,1192.827,1193.054
2013-06-07 15:23:47+05:30,49.98,-23.286,5.22,228.72,1193.745,1193.972
2013-06-07 15:23:48+05:30,50,-23.175,5.214,228.48,1191.076,1191.302
2013-06-07 15:23:49+05:30,49.98,-23.262,5.216,228.57,1192.096,1192.323
2013-06-07 15:23:50+05:30,49.99,-23.397,5.213,228.46,1190.726,1190.956
2013-06-07 15:23:51+05:30,49.97,-23.505,5.213,228.53,1191.067,1191.299
2013-06-07 15:23:52+05:30,49.97,-23.172,5.217,228.74,1193.204,1193.429
2013-06-07 15:23:53+05:30,49.98,-23.095,5.213,228.59,1191.538,1191.762
2013-06-07 15:23:54+05:30,50,-599.8,4.112,232.23,743.165,955.015
2013-06-07 15:23:55+05:30,49.99,-8.392,0.035,238.93,0.39,8.401
2013-06-07 15:23:56+05:30,49.98,-8.513,0.036,239.02,0.413,8.523
2013-06-07 15:23:57+05:30,49.98,-8.429,0.035,239.27,0.314,8.434
2013-06-07 15:23:58+05:30,49.97,-8.483,0.035,239.49,0.473,8.496
2013-06-07 15:23:59+05:30,49.99,-8.498,0.036,239.49,0.391,8.425
2013-06-07 15:24:00+05:30,49.99,-8.524,0.036,239.39,0.395,8.537
2013-06-07 15:24:01+05:30,49.99,-8.532,0.036,239.59,0.3,8.542
2013-06-07 15:24:02+05:30,50,-8.523,0.036,239.4,0.38,8.533
2013-06-07 15:24:03+05:30,49.99,-8.54,0.036,239.17,0.361,8.543
2013-06-07 15:24:04+05:30,49.98,-8.436,0.035,239.19,0.381,8.446
2013-06-07 15:24:05+05:30,49.98,-8.441,0.035,239.46,0.292,8.446
2013-06-07 15:24:06+05:30,49.97,-8.494,0.036,239.5,0.475,8.507
2013-06-07 15:24:07+05:30,49.97,-8.461,0.035,239.65,0.37,8.47
2013-06-07 15:24:08+05:30,49.98,-8.544,0.036,239.68,0.459,8.557
2013-06-07 15:24:09+05:30,49.99,-8.519,0.036,239.67,0.517,8.535
2013-06-07 15:24:10+05:30,49.98,-8.491,0.035,239.59,0.378,8.5
2013-06-07 15:24:11+05:30,49.98,-8.437,0.035,239.54,0.332,8.444
2013-06-07 15:24:12+05:30,49.99,-8.484,0.035,239.38,0.361,8.492
2013-06-07 15:24:13+05:30,49.99,-8.539,0.036,239.4,0.364,8.547
2013-06-07 15:24:14+05:30,49.97,-8.504,0.036,239.36,0.396,8.513
2013-06-07 15:24:15+05:30,49.98,-8.564,0.036,239.61,0.453,8.576
2013-06-07 15:24:44+05:30,49.99,-8.484,0.035,239.38,0.361,8.492
2013-06-07 15:24:45+05:30,49.99,-8.539,0.036,239.4,0.364,8.547
2013-06-07 15:24:46+05:30,49.97,-8.504,0.036,239.36,0.396,8.513
2013-06-07 15:24:47+05:30,49.98,-8.564,0.036,239.61,0.453,8.576
2013-06-07 15:24:48+05:30,49.99,-8.471,0.035,239.54,0.518,8.487
2013-06-07 15:24:49+05:30,49.98,-8.521,0.036,239.51,0.375,8.529
2013-06-07 15:24:50+05:30,50,-8.521,0.036,239.46,0.332,8.528
2013-06-07 15:24:51+05:30,50.02,-8.578,0.036,239.5,0.284,8.582
2013-06-07 15:24:52+05:30,50.02,-8.512,0.036,239.77,0.282,8.517
2013-06-07 15:24:56+05:30,50.02,-8.499,0.035,239.99,0.507,8.514
2013-06-07 15:24:57+05:30,50.03,-8.48,0.035,239.84,0.336,8.487
2013-06-07 15:24:58+05:30,50.03,-8.51,0.036,239.83,0.378,8.519
2013-06-07 15:24:59+05:30,50.02,-8.576,0.036,239.99,0.474,8.589
2013-06-07 15:25:00+05:30,50.03,-8.57,0.036,240.01,0.39,8.579
2013-06-07 15:25:01+05:30,50.01,-8.495,0.035,239.91,0.295,8.5
2013-06-07 15:25:25+05:30,50.02,-8.499,0.035,239.99,0.507,8.514
2013-06-07 15:25:26+05:30,50.03,-8.48,0.035,239.84,0.336,8.487
2013-06-07 15:25:27+05:30,50.03,-8.51,0.036,239.83,0.378,8.519
2013-06-07 15:25:28+05:30,50.02,-8.576,0.036,239.99,0.474,8.589
2013-06-07 15:25:29+05:30,50.03,-8.57,0.036,240.01,0.39,8.579
2013-06-07 15:25:30+05:30,50.01,-8.495,0.035,239.91,0.295,8.5
2013-06-07 15:25:32+05:30,50.02,-8.451,0.035,239.67,0.389,8.459
2013-06-07 15:25:33+05:30,50.03,-8.466,0.035,239.37,0.503,8.481
2013-06-07 15:25:34+05:30,50.03,-8.521,0.036,239.56,0.422,8.531
2013-06-07 15:25:35+05:30,50.05,-8.6,0.036,239.6,0.347,8.607
2013-06-07 15:25:36+05:30,50.03,-8.436,0.035,239.48,0.316,8.442
2013-06-07 15:25:37+05:30,50.04,-8.523,0.036,239.51,0.31,8.529
2013-06-07 15:25:38+05:30,50.03,-8.452,0.035,239.42,0.39,8.461
2013-06-07 15:25:39+05:30,50.03,-8.54,0.036,239.46,0.393,8.549
2013-06-07 15:25:40+05:30,50.03,-8.521,0.036,239.3,0.442,8.532
2013-06-07 15:25:41+05:30,50.04,-8.573,0.036,239.26,0.448,8.585
2013-06-07 15:25:42+05:30,50.02,-8.509,0.036,239.49,0.387,8.518
2013-06-07 15:25:43+05:30,50.03,-428.679,1.927,237.82,162.347,458.391
2013-06-07 15:25:44+05:30,50.04,-23.57,5.263,229.38,1207.027,1207.257
2013-06-07 15:25:45+05:30,50.02,-23.729,5.259,229.5,1206.617,1206.85
2013-06-07 15:25:46+05:30,50.03,-23.381,5.253,229.52,1205.338,1205.565
2013-06-07 15:25:47+05:30,50.02,-23.505,5.252,229.68,1206.138,1206.367
2013-06-07 15:25:48+05:30,50.02,-23.68,5.252,229.84,1206.859,1207.091
2013-06-07 15:25:49+05:30,50.02,-23.541,5.246,229.71,1204.75,1204.98
2013-06-07 15:25:50+05:30,50.02,-23.024,5.226,228.95,1196.398,1196.62
2013-06-07 15:25:51+05:30,50.05,-23.339,5.227,229.06,1197.037,1197.265
2013-06-07 15:25:52+05:30,50.04,-23.204,5.226,229.07,1197.003,1197.228
2013-06-07 15:25:53+05:30,50.02,-23.651,5.222,228.96,1195.46,1195.694
2013-06-07 15:25:54+05:30,50.02,-23.388,5.223,229.08,1196.348,1196.576
2013-06-07 15:25:55+05:30,50.03,-590.96,3.053,235.7,410.73,719.675
2013-06-07 15:25:56+05:30,50.05,-8.42,0.035,239.04,0.325,8.506
2013-06-07 15:25:57+05:30,50.03,-8.44,0.036,239.04,0.377,8.451
2013-06-07 15:25:58+05:30,50.02,-8.508,0.035,239.04,0.357,8.517
2013-06-07 15:25:59+05:30,50.02,-8.411,0.035,239.13,0.372,8.421
2013-06-07 15:26:00+05:30,50.02,-8.424,0.035,238.96,0.498,8.433
2013-06-07 15:26:01+05:30,50.02,-8.478,0.036,238.89,0.414,8.486
2013-06-07 15:26:02+05:30,50.02,-8.513,0.036,238.78,0.454,8.525
2013-06-07 15:26:03+05:30,50.03,-8.482,0.036,238.57,0.383,8.491
2013-06-07 15:26:04+05:30,50.02,-8.401,0.035,238.57,0.381,8.41
2013-06-07 15:26:05+05:30,50.03,-8.434,0.035,238.68,0.447,8.446
2013-06-07 15:26:06+05:30,50.01,-8.425,0.035,238.62,0.36,8.433
2013-06-07 15:26:07+05:30,50.01,-8.635,0.036,240.6,0.366,8.643
2013-06-07 15:26:08+05:30,50,-8.662,0.036,240.82,0.424,8.672
2013-06-07 15:26:09+05:30,50.02,-8.662,0.036,240.71,0.337,8.669
2013-06-07 15:26:10+05:30,50.03,-8.508,0.035,240.64,0.343,8.515
2013-06-07 15:26:11+05:30,49.99,-8.577,0.036,240.68,0.511,8.592
2013-06-07 15:26:12+05:30,50,-8.573,0.036,240.73,0.412,8.583
2013-06-07 15:26:13+05:30,50.02,-8.652,0.036,241.04,0.348,8.659
2013-06-07 15:26:14+05:30,50.01,-8.622,0.036,241.03,0.504,8.637
2013-06-07 15:26:15+05:30,50.02,-8.618,0.036,241.14,0.451,8.63
2013-06-07 15:26:16+05:30,50.01,-8.688,0.036,241.22,0.403,8.698
2013-06-07 15:26:17+05:30,50.01,-8.558,0.036,240.93,0.428,8.569
2013-06-07 15:26:18+05:30,49.98,-8.509,0.035,241.02,0.399,8.518
2013-06-07 15:26:19+05:30,50,-8.623,0.036,240.85,0.353,8.631
2013-06-07 15:26:20+05:30,50,-8.529,0.035,240.95,0.367,8.537
2013-06-07 15:26:50+05:30,50.01,-8.558,0.036,240.93,0.428,8.569
2013-06-07 15:26:51+05:30,49.98,-8.509,0.035,241.02,0.399,8.518
2013-06-07 15:26:52+05:30,50,-8.623,0.036,240.85,0.353,8.631
2013-06-07 15:26:53+05:30,50,-8.529,0.035,240.95,0.367,8.537
2013-06-07 15:26:54+05:30,50.01,-8.535,0.035,240.87,0.415,8.545
2013-06-07 15:26:55+05:30,50.02,-8.719,0.036,241.14,0.37,8.727
2013-06-07 15:26:56+05:30,50.01,-8.522,0.035,241.08,0.391,8.531
2013-06-07 15:26:57+05:30,50.02,-8.545,0.035,241.35,0.334,8.551
2013-06-07 15:26:58+05:30,50.02,-8.586,0.036,241.11,0.43,8.597
2013-06-07 15:26:59+05:30,50.01,-8.65,0.036,241.02,0.377,8.658
2013-06-07 15:27:00+05:30,50,-8.692,0.036,242.31,0.47,8.705
2013-06-07 15:27:01+05:30,50,-8.626,0.036,242.5,0.415,8.636
2013-06-07 15:27:02+05:30,50.02,-8.736,0.036,242.36,0.475,8.749
2013-06-07 15:27:03+05:30,50.01,-8.639,0.036,242.27,0.416,8.649
2013-06-07 15:27:04+05:30,50.02,-8.673,0.036,241.63,0.36,8.68
2013-06-07 15:27:05+05:30,50.02,-8.628,0.036,241.88,0.342,8.635
2013-06-07 15:27:34+05:30,50.02,-8.736,0.036,242.36,0.475,8.749
2013-06-07 15:27:35+05:30,50.01,-8.639,0.036,242.27,0.416,8.649
2013-06-07 15:27:36+05:30,50.02,-8.673,0.036,241.63,0.36,8.68
2013-06-07 15:27:37+05:30,50.02,-8.628,0.036,241.88,0.342,8.635
2013-06-07 15:27:38+05:30,50.01,-8.651,0.036,241.95,0.39,8.659
2013-06-07 15:27:39+05:30,50.01,-8.659,0.036,241.56,0.366,8.667
2013-06-07 15:27:40+05:30,49.98,-628.731,4.1,235.4,732.345,965.211
2013-06-07 15:27:41+05:30,49.97,-8.553,0.036,240.66,0.323,8.559
2013-06-07 15:27:42+05:30,49.96,-8.569,0.036,240.54,0.366,8.577
2013-06-07 15:27:43+05:30,49.96,-8.59,0.036,240.68,0.465,8.603
2013-06-07 15:27:44+05:30,49.99,-8.576,0.036,240.76,0.391,8.584
2013-06-07 15:27:45+05:30,49.98,-8.544,0.036,240.56,0.439,8.556
2013-06-07 15:27:46+05:30,49.97,-8.496,0.036,239.11,0.369,8.504
2013-06-07 15:27:47+05:30,49.97,-8.46,0.035,239.43,0.456,8.473
2013-06-07 15:27:48+05:30,49.98,-8.546,0.036,240.5,0.353,8.554
2013-06-07 15:27:49+05:30,49.97,-8.612,0.036,240.55,0.362,8.62
2013-06-07 15:27:50+05:30,49.96,-8.601,0.036,240.51,0.331,8.608
2013-06-07 15:27:51+05:30,49.97,-8.6,0.036,240.51,0.371,8.608
2013-06-07 15:27:52+05:30,49.97,-8.682,0.036,240.42,0.364,8.69
2013-06-07 15:27:53+05:30,49.96,-8.496,0.035,240.58,0.333,8.502
2013-06-07 15:28:22+05:30,49.96,-8.601,0.036,240.51,0.331,8.608
2013-06-07 15:28:23+05:30,49.97,-8.6,0.036,240.51,0.371,8.608
2013-06-07 15:28:24+05:30,49.97,-8.682,0.036,240.42,0.364,8.69
2013-06-07 15:28:25+05:30,49.96,-8.496,0.035,240.58,0.333,8.502
2013-06-07 15:28:26+05:30,49.97,-8.561,0.036,240.64,0.375,8.569
2013-06-07 15:28:27+05:30,49.97,-199.494,0.839,240.54,31.227,201.923
2013-06-07 15:28:29+05:30,49.92,-8.479,0.035,240.4,0.313,8.485
2013-06-07 15:28:30+05:30,49.93,-8.625,0.036,240.36,0.411,8.635
2013-06-07 15:28:31+05:30,49.94,-8.573,0.036,240.66,0.373,8.581
2013-06-07 15:28:32+05:30,49.95,-8.58,0.036,240.24,0.363,8.587
2013-06-07 15:28:33+05:30,49.94,-8.563,0.036,240.16,0.423,8.574
2013-06-07 15:28:34+05:30,49.94,-8.521,0.035,240.45,0.405,8.53
2013-06-07 15:28:35+05:30,49.93,-8.623,0.036,240.4,0.473,8.636
2013-06-07 15:28:36+05:30,49.93,-8.59,0.036,240.49,0.322,8.596
2013-06-07 15:28:37+05:30,49.93,-8.53,0.035,240.55,0.247,8.534
2013-06-07 15:28:38+05:30,49.92,-8.481,0.035,240.38,0.5,8.495
2013-06-07 15:28:39+05:30,49.92,-8.558,0.036,240.92,0.414,8.568
2013-06-07 15:28:40+05:30,49.94,-8.538,0.036,240.67,0.432,8.549
2013-06-07 15:28:41+05:30,49.92,-8.651,0.036,240.86,0.453,8.663
2013-06-07 15:28:42+05:30,49.93,-8.583,0.036,240.85,0.293,8.588
2013-06-07 15:28:43+05:30,49.92,-8.731,0.036,240.86,0.351,8.738
2013-06-07 15:28:44+05:30,49.91,-8.615,0.036,240.75,0.457,8.627
2013-06-07 15:28:45+05:30,49.91,-8.549,0.036,240.69,0.446,8.56
2013-06-07 15:28:46+05:30,49.93,-8.569,0.036,240.97,0.453,8.581
2013-06-07 15:28:47+05:30,49.92,-8.533,0.035,240.82,0.412,8.543
2013-06-07 15:28:48+05:30,49.93,-8.554,0.036,240.73,0.36,8.562
2013-06-07 15:28:49+05:30,49.92,-8.513,0.035,240.53,0.395,8.522
2013-06-07 15:28:50+05:30,49.91,-8.636,0.036,240.72,0.452,8.648
2013-06-07 15:28:51+05:30,49.93,-8.532,0.035,240.69,0.34,8.539
2013-06-07 15:28:52+05:30,49.9,-8.517,0.035,240.64,0.389,8.526
2013-06-07 15:28:53+05:30,49.92,-8.505,0.035,240.6,0.392,8.514
2013-06-07 15:28:54+05:30,49.92,-8.528,0.036,240.3,0.361,8.536
2013-06-07 15:28:55+05:30,49.91,-8.559,0.036,240.56,0.347,8.566
2013-06-07 15:28:56+05:30,49.92,-8.566,0.036,240.5,0.399,8.575
2013-06-07 15:28:57+05:30,49.92,-8.546,0.036,240.01,0.457,8.558
2013-06-07 15:28:58+05:30,49.93,-8.548,0.036,240.37,0.44,8.56
2013-06-07 15:28:59+05:30,49.92,-8.532,0.036,240.42,0.36,8.54
2013-06-07 15:29:00+05:30,49.91,-8.489,0.035,240.19,0.414,8.499
2013-06-07 15:29:01+05:30,49.92,-8.514,0.035,240.4,0.24,8.518
2013-06-07 15:29:02+05:30,49.92,-8.552,0.036,240.43,0.406,8.562
2013-06-07 15:29:03+05:30,49.9,-8.594,0.036,240.32,0.34,8.601
2013-06-07 15:29:04+05:30,49.9,-8.651,0.036,240.74,0.378,8.659
2013-06-07 15:29:05+05:30,49.92,-8.631,0.036,240.65,0.497,8.645
2013-06-07 15:29:06+05:30,49.91,-8.609,0.036,240.76,0.373,8.617
2013-06-07 15:29:07+05:30,49.91,-8.598,0.036,240.72,0.337,8.605
2013-06-07 15:29:08+05:30,49.91,-8.623,0.036,240.85,0.371,8.631
2013-06-07 15:29:09+05:30,49.91,-8.612,0.036,240.71,0.492,8.626
2013-06-07 15:29:10+05:30,49.91,-8.526,0.035,240.71,0.486,8.679
2013-06-07 15:29:11+05:30,49.9,-8.627,0.036,240.7,0.385,8.568
2013-06-07 15:29:12+05:30,49.91,-8.627,0.036,240.62,0.554,8.634
2013-06-07 15:29:13+05:30,49.91,-8.471,0.035,240.7,0.323,8.477
2013-06-07 15:29:14+05:30,49.91,-8.508,0.035,240.7,0.404,8.517
2013-06-07 15:29:15+05:30,49.92,-8.525,0.035,240.44,0.49,8.534
2013-06-07 15:29:16+05:30,49.91,-8.616,0.036,240.61,0.407,8.629
2013-06-07 15:29:17+05:30,49.91,-8.583,0.036,240.41,0.362,8.591
2013-06-07 15:29:18+05:30,49.91,-8.521,0.035,240.43,0.383,8.53
2013-06-07 15:29:19+05:30,49.91,-8.562,0.036,240.36,0.39,8.57
2013-06-07 15:29:20+05:30,49.91,-8.565,0.036,240.25,0.453,8.577
2013-06-07 15:29:21+05:30,49.9,-8.559,0.036,240.61,0.399,8.568
2013-06-07 15:29:22+05:30,49.91,-8.627,0.036,239.97,0.278,8.631
2013-06-07 15:29:23+05:30,49.9,-8.411,0.035,239.19,0.413,8.421
2013-06-07 15:29:24+05:30,49.91,-8.393,0.035,239.4,0.473,8.406
2013-06-07 15:29:25+05:30,49.89,-8.453,0.035,239.51,0.439,8.465
2013-06-07 15:29:26+05:30,49.89,-8.514,0.036,239.73,0.467,8.526
2013-06-07 15:29:27+05:30,49.9,-8.49,0.035,239.97,0.469,8.503
2013-06-07 15:29:28+05:30,49.88,-8.466,0.035,240.04,0.323,8.472
2013-06-07 15:29:29+05:30,49.9,-8.48,0.035,240.01,0.462,8.493
2013-06-07 15:29:30+05:30,49.9,-8.543,0.036,239.97,0.483,8.557
2013-06-07 15:29:31+05:30,49.88,-8.581,0.036,240.16,0.245,8.585
2013-06-07 15:29:32+05:30,49.9,-8.576,0.036,240.42,0.344,8.583
2013-06-07 15:29:33+05:30,49.9,-8.405,0.035,240.21,0.361,8.413
2013-06-07 15:29:34+05:30,49.9,-8.563,0.036,240.36,0.359,8.57
2013-06-07 15:29:35+05:30,49.9,-8.578,0.036,240.52,0.384,8.587
2013-06-07 15:29:36+05:30,49.9,-8.508,0.035,240.45,0.453,8.52
2013-06-07 15:29:37+05:30,49.9,-8.518,0.035,240.61,0.335,8.525
2013-06-07 15:29:38+05:30,49.9,-8.602,0.036,240.6,0.4,8.611
2013-06-07 15:29:39+05:30,49.9,-8.541,0.036,240.78,0.461,8.553
2013-06-07 15:29:40+05:30,49.91,-8.619,0.036,240.41,0.352,8.626
2013-06-07 15:29:41+05:30,49.9,-8.652,0.036,240.53,0.426,8.662
2013-06-14 13:52:07+05:30,49.92,-8.571,0.036,240.45,0.463,8.584
2013-06-14 13:52:08+05:30,49.91,-8.565,0.036,240.51,0.415,8.575
2013-06-14 13:52:09+05:30,49.93,-8.55,0.036,240.65,0.396,8.559
2013-06-14 13:52:14+05:30,50.35,-8.082,0.035,232.25,0.387,8.092
2013-06-14 13:52:15+05:30,50.33,-8.054,0.035,232.37,0.403,8.064
2013-06-14 13:52:16+05:30,50.35,-8.003,0.035,231.17,0.36,8.012
2013-06-14 13:52:17+05:30,50.34,-8.054,0.035,232.6,0.335,8.061
2013-06-14 13:52:18+05:30,50.34,-7.945,0.034,232.68,0.414,7.956
2013-06-14 13:52:19+05:30,50.35,-8.088,0.035,232.64,0.321,8.095
2013-06-14 13:52:20+05:30,50.34,-8.148,0.035,232.77,0.276,8.152
2013-06-14 13:52:21+05:30,50.34,-8.065,0.035,232.66,0.38,8.074
2013-06-14 13:52:22+05:30,50.33,-8.19,0.035,232.57,0.366,8.198
2013-06-14 13:52:23+05:30,50.34,-8.084,0.035,232.63,0.406,8.094
2013-06-14 13:52:24+05:30,50.34,-8.076,0.035,232.58,0.316,8.082
2013-06-14 13:52:25+05:30,50.33,-8.087,0.035,232.53,0.478,8.101
2013-06-14 13:52:26+05:30,50.33,-8.02,0.035,232.59,0.362,8.028
2013-06-14 13:52:27+05:30,50.34,-8.018,0.035,232.54,0.368,8.027
2013-06-14 13:52:28+05:30,50.34,-8.106,0.035,232.56,0.341,8.113
2013-06-14 13:52:29+05:30,50.35,-8.07,0.035,232.44,0.35,8.077
2013-06-14 13:52:30+05:30,50.33,-8.073,0.035,232.51,0.332,8.079
2013-06-14 13:52:31+05:30,50.32,-8.095,0.035,232.53,0.313,8.101
2013-06-14 13:52:32+05:30,50.34,-8.005,0.034,232.47,0.379,8.014
2013-06-14 13:52:33+05:30,50.34,-8.057,0.035,232.43,0.376,8.066
2013-06-14 13:52:34+05:30,50.32,-7.986,0.034,232.47,0.322,7.992
2013-06-14 13:52:35+05:30,50.35,-8.103,0.035,232.61,0.433,8.115
2013-06-14 13:52:36+05:30,50.32,-7.999,0.034,232.56,0.339,8.006
2013-06-14 13:52:37+05:30,50.32,-8.123,0.035,232.67,0.278,8.128
2013-06-14 13:52:38+05:30,50.34,-8.052,0.035,232.32,0.41,8.062
2013-06-14 13:52:39+05:30,50.32,-8.096,0.035,232.64,0.395,8.105
2013-06-14 13:52:40+05:30,50.34,-8.151,0.035,232.44,0.421,8.162
2013-06-14 13:52:42+05:30,50.35,-8.118,0.035,232.29,0.344,8.125
2013-06-14 13:52:43+05:30,50.33,-8.131,0.035,232.34,0.306,8.137
2013-06-14 13:52:44+05:30,50.34,-8.07,0.035,232.28,0.44,8.082
2013-06-14 13:52:45+05:30,50.34,-8.151,0.035,232.33,0.339,8.158
2013-06-14 13:52:46+05:30,50.35,-8.064,0.035,232.29,0.347,8.072
2013-06-14 13:52:47+05:30,50.34,-8.078,0.035,232.32,0.304,8.083
2013-06-14 13:52:48+05:30,50.34,-8.005,0.035,232.16,0.368,8.014
2013-06-14 13:52:49+05:30,50.32,-8.106,0.035,232.14,0.47,8.12
2013-06-14 13:52:50+05:30,50.31,-8.04,0.035,232.21,0.344,8.048
2013-06-14 13:52:51+05:30,50.31,-8.046,0.035,232.16,0.405,8.056
2013-06-14 13:52:52+05:30,50.32,-7.961,0.034,232.15,0.372,7.97
2013-06-14 13:52:53+05:30,50.31,-8.172,0.035,232.15,0.438,8.183
2013-06-14 13:52:54+05:30,50.31,-8.061,0.035,232.16,0.308,8.067
2013-06-14 13:52:55+05:30,50.34,-8.103,0.035,232.19,0.365,8.111
2013-06-14 13:52:56+05:30,50.32,-8.02,0.035,232.17,0.261,8.025
2013-06-14 13:52:57+05:30,50.32,-8.059,0.035,232.11,0.316,8.065
2013-06-14 13:52:58+05:30,50.31,-8.1,0.035,232.01,0.261,8.105
2013-06-14 13:52:59+05:30,50.31,-8.054,0.035,232,0.341,8.062
2013-06-14 13:53:00+05:30,50.33,-8.078,0.035,231.98,0.269,8.082
2013-06-14 13:53:01+05:30,50.32,-8.011,0.035,231.79,0.434,8.022
2013-06-14 13:53:02+05:30,50.32,-8.064,0.035,231.92,0.299,8.07
2013-06-14 13:53:03+05:30,50.33,-7.918,0.034,231.52,0.37,7.927
2013-06-14 13:53:04+05:30,50.3,-7.973,0.034,231.47,0.3,7.979
2013-06-14 13:53:05+05:30,50.31,-8.04,0.035,231.61,0.369,8.048
2013-06-14 13:53:06+05:30,50.31,-8.022,0.035,231.47,0.416,8.032
2013-06-14 13:53:07+05:30,50.32,-8.023,0.035,231.46,0.372,7.991
2013-06-14 13:53:08+05:30,50.32,-8.025,0.035,231.41,0.266,8.032
2013-06-14 13:53:09+05:30,50.32,-7.952,0.035,231.5,0.316,7.958
2013-06-14 13:53:10+05:30,50.32,-7.987,0.035,231.39,0.341,7.999
2013-06-14 13:53:11+05:30,50.32,-8.042,0.035,231.4,0.417,8.053
2013-06-14 13:53:12+05:30,50.35,-8.033,0.035,231.6,0.451,8.038
2013-06-14 13:53:13+05:30,50.33,-8.01,0.035,231.62,0.365,8.018
2013-06-14 13:53:14+05:30,50.32,-7.953,0.034,231.68,0.388,7.963
2013-06-14 13:53:15+05:30,50.33,-7.905,0.034,231.58,0.449,7.918
2013-06-14 13:53:16+05:30,50.32,-8.06,0.035,231.61,0.391,8.07
2013-06-14 13:53:17+05:30,50.34,-8.04,0.035,231.84,0.294,8.045
2013-06-14 13:53:18+05:30,50.34,-7.953,0.034,231.78,0.494,7.968
2013-06-14 13:53:19+05:30,50.33,-8.072,0.035,231.66,0.388,8.082
2013-06-14 13:53:20+05:30,50.34,-7.981,0.034,231.66,0.282,7.986
2013-06-14 13:53:21+05:30,50.33,-8.007,0.035,231.64,0.406,8.017
2013-06-14 13:53:22+05:30,50.35,-8.049,0.035,231.62,0.4,8.059
2013-06-14 13:53:23+05:30,50.33,-8.065,0.035,231.7,0.35,8.073
2013-06-14 13:53:24+05:30,50.35,-8.097,0.035,231.71,0.346,8.105
2013-06-14 13:53:25+05:30,50.34,-8.036,0.035,231.5,0.372,8.044
2013-06-14 13:53:26+05:30,50.33,-8.056,0.035,231.47,0.364,8.064
2013-06-14 13:53:27+05:30,50.34,-7.919,0.034,231.47,0.317,7.925
2013-06-14 13:53:28+05:30,50.33,-8.07,0.035,231.44,0.483,8.085
2013-06-14 13:53:29+05:30,50.35,-8.028,0.035,231.53,0.33,8.035
2013-06-14 13:53:30+05:30,50.33,-8.019,0.035,231.54,0.302,8.024
2013-06-14 13:53:31+05:30,50.33,-7.954,0.034,231.57,0.346,7.961
2013-06-14 13:53:32+05:30,50.34,-8.05,0.035,231.58,0.34,8.058
2013-06-14 13:53:33+05:30,50.34,-8.032,0.035,231.62,0.293,8.038
2013-06-14 13:53:34+05:30,50.34,-7.985,0.035,231.54,0.342,7.992
2013-06-14 13:53:35+05:30,50.34,-8.061,0.035,231.53,0.286,8.066
2013-06-14 13:53:36+05:30,50.34,-8.045,0.035,231.46,0.371,8.054
2013-06-14 13:53:37+05:30,50.33,-7.997,0.035,231.52,0.298,8.002
2013-06-14 13:53:38+05:30,50.35,-8.07,0.035,231.46,0.279,8.075
2013-06-14 13:53:39+05:30,50.33,-7.982,0.035,231.54,0.403,7.992
2013-06-14 13:53:40+05:30,50.34,-8.089,0.035,231.51,0.37,8.098
2013-06-14 13:53:41+05:30,50.34,-8.094,0.035,231.49,0.463,8.108
2013-06-14 13:53:42+05:30,50.34,-7.961,0.034,231.53,0.381,7.971
2013-06-14 13:53:43+05:30,50.35,-8.041,0.035,231.65,0.374,8.05
2013-06-14 13:53:44+05:30,50.34,-8.026,0.035,231.59,0.412,8.037
2013-06-14 13:53:45+05:30,50.35,-7.954,0.034,231.59,0.356,7.962
2013-06-14 13:53:46+05:30,50.35,-8.049,0.035,231.62,0.396,8.059
2013-06-14 13:53:47+05:30,50.33,-8.028,0.035,231.62,0.394,8.038
2013-06-14 13:53:48+05:30,50.34,-7.97,0.034,231.75,0.36,7.978
2013-06-14 13:53:49+05:30,50.33,-7.98,0.034,231.67,0.326,7.986
2013-06-14 13:53:50+05:30,50.35,-8.054,0.035,231.58,0.489,8.068
2013-06-14 13:53:51+05:30,50.34,-8.006,0.035,231.68,0.438,8.018
2013-06-14 13:53:52+05:30,50.34,-7.957,0.034,231.65,0.323,7.964
2013-06-14 13:53:53+05:30,50.33,-7.989,0.035,231.65,0.531,8.007
2013-06-14 13:54:25+05:30,50.35,-8.204,0.035,233.22,0.325,8.211
2013-06-14 13:54:26+05:30,50.34,-8.204,0.035,233.94,0.413,8.215
2013-06-14 13:54:27+05:30,50.36,-8.199,0.035,233.72,0.348,8.207
2013-06-14 13:54:28+05:30,50.33,-8.16,0.035,233.82,0.349,8.168
2013-06-14 13:54:29+05:30,50.34,-8.25,0.035,234.04,0.413,8.261
2013-06-14 13:54:30+05:30,50.32,-8.178,0.035,233.92,0.27,8.182
2013-06-14 13:54:31+05:30,50.33,-8.117,0.035,233.87,0.398,8.127
2013-06-14 13:54:32+05:30,50.33,-8.144,0.035,233.76,0.425,8.155
2013-06-14 13:54:33+05:30,50.34,-8.124,0.035,233.65,0.31,8.13
2013-06-14 13:54:34+05:30,50.34,-8.136,0.035,233.64,0.273,8.14
2013-06-14 13:54:35+05:30,50.33,-8.121,0.035,233.64,0.381,8.13
2013-06-14 13:54:36+05:30,50.32,-8.192,0.035,233.57,0.4,8.202
2013-06-14 13:54:37+05:30,50.31,-8.059,0.035,233.44,0.406,8.069
2013-06-14 13:54:38+05:30,50.31,-8.083,0.035,233.5,0.387,8.092
2013-06-14 13:54:39+05:30,50.33,-8.049,0.035,233.45,0.399,8.058
2013-06-14 13:54:40+05:30,50.3,-8.241,0.035,233.53,0.446,8.253
2013-06-14 13:54:41+05:30,50.32,-8.067,0.035,233.55,0.291,8.072
2013-06-14 13:54:42+05:30,50.31,-8.195,0.035,233.55,0.321,8.201
2013-06-14 13:54:43+05:30,50.32,-8.237,0.035,233.61,0.376,8.245
2013-06-14 13:54:44+05:30,50.31,-8.063,0.035,231.9,0.31,8.069
2013-06-14 13:54:45+05:30,50.32,-7.988,0.034,231.89,0.309,7.994
2013-06-14 13:54:46+05:30,50.31,-8.007,0.035,231.93,0.385,8.016
2013-06-14 13:54:47+05:30,50.31,-7.969,0.034,232.03,0.357,7.977
2013-06-14 13:54:48+05:30,50.31,-8.118,0.035,232.01,0.356,8.126
2013-06-14 13:54:49+05:30,50.32,-8.065,0.035,232.07,0.405,8.075
2013-06-14 13:54:50+05:30,50.32,-7.984,0.034,231.82,0.348,7.991
2013-06-14 13:54:51+05:30,50.33,-7.993,0.035,231.77,0.34,8
2013-06-14 13:54:52+05:30,50.31,-7.974,0.034,231.79,0.51,7.99
2013-06-14 13:54:53+05:30,50.32,-8.021,0.035,231.77,0.421,8.032
2013-06-14 13:54:54+05:30,50.32,-8.056,0.035,231.72,0.311,8.062
2013-06-14 13:54:55+05:30,50.33,-8.03,0.035,231.68,0.407,8.04
2013-06-14 13:54:56+05:30,50.31,-7.994,0.035,231.65,0.447,8.007
2013-06-14 13:55:34+05:30,50.31,-8.022,0.035,231.71,0.369,8.03
2013-06-14 13:55:35+05:30,50.29,-7.968,0.034,231.7,0.373,7.976
2013-06-14 13:55:36+05:30,50.33,-7.955,0.034,231.63,0.366,7.963
2013-06-14 13:55:37+05:30,50.3,-7.985,0.035,231.59,0.373,7.994
2013-06-14 13:55:38+05:30,50.32,-7.972,0.034,231.83,0.368,7.981
2013-06-14 13:55:39+05:30,50.32,-8.022,0.035,231.71,0.371,8.03
2013-06-14 13:55:40+05:30,50.29,-8.034,0.035,231.79,0.394,8.044
2013-06-14 13:55:41+05:30,50.32,-8.021,0.035,231.65,0.343,8.028
2013-06-14 13:55:42+05:30,50.31,-8.02,0.035,231.93,0.343,8.027
2013-06-14 13:55:43+05:30,50.3,-8.153,0.035,231.93,0.437,8.165
2013-06-14 13:55:44+05:30,50.29,-7.96,0.034,232.14,0.391,7.97
2013-06-14 13:55:45+05:30,50.29,-7.98,0.034,232.04,0.348,7.988
2013-06-14 13:55:46+05:30,50.3,-8.044,0.035,232.11,0.407,8.055
2013-06-14 13:55:47+05:30,50.29,-8.013,0.035,232.13,0.416,8.023
2013-06-14 13:55:48+05:30,50.3,-7.957,0.034,232.01,0.362,7.965
2013-06-14 13:55:49+05:30,50.33,-8.035,0.035,232.1,0.375,8.044
2013-06-14 13:55:50+05:30,50.3,-8.034,0.035,232.02,0.342,8.041
2013-06-14 13:55:51+05:30,50.28,-8.043,0.035,232.02,0.374,8.052
2013-06-14 13:55:52+05:30,50.29,-8.008,0.035,232.08,0.22,8.011
2013-06-14 13:55:53+05:30,50.31,-8.028,0.035,231.93,0.39,8.038
2013-06-14 13:55:54+05:30,50.31,-8.087,0.035,231.91,0.23,8.09
2013-06-14 13:55:55+05:30,50.31,-7.992,0.035,231.72,0.313,7.999
2013-06-14 13:55:56+05:30,50.31,-8.022,0.035,231.99,0.343,8.029
2013-06-14 13:55:57+05:30,50.31,-8.078,0.035,231.93,0.46,8.091
2013-06-14 13:55:58+05:30,50.28,-7.976,0.034,231.92,0.354,7.984
2013-06-14 13:55:59+05:30,50.3,-8.003,0.035,232,0.282,8.008
2013-06-14 13:56:00+05:30,50.31,-7.987,0.034,232,0.411,7.997
2013-06-14 13:56:01+05:30,50.31,-8.107,0.035,232.04,0.385,8.116
2013-06-14 13:56:02+05:30,50.31,-7.987,0.034,231.97,0.395,7.996
2013-06-14 13:56:03+05:30,50.29,-7.953,0.034,231.95,0.404,7.963
2013-06-14 13:56:04+05:30,50.27,-7.98,0.034,232.08,0.384,8.116
2013-06-14 13:56:05+05:30,50.28,-8.065,0.035,232.01,0.216,8.072
2013-06-14 13:56:06+05:30,50.3,-8.047,0.035,232.02,0.335,8.054
2013-06-14 13:56:07+05:30,50.3,-7.998,0.035,232.01,0.419,8.007
2013-06-14 13:56:08+05:30,50.28,-8.001,0.035,231.97,0.34,8.008
2013-06-14 13:56:09+05:30,50.29,-8.011,0.035,232,0.394,8.02
2013-06-14 13:56:10+05:30,50.27,-8.093,0.035,232.02,0.357,8.101
2013-06-14 13:56:11+05:30,50.27,-8.056,0.035,232.4,0.37,8.064
2013-06-14 13:56:12+05:30,50.26,-8.064,0.035,232.35,0.327,8.072
2013-06-14 13:56:13+05:30,50.27,-8.031,0.035,232.33,0.27,8.041
2013-06-14 13:56:14+05:30,50.25,-8.034,0.035,232.31,0.487,8.049
2013-06-14 13:56:15+05:30,50.26,-8.103,0.035,232.2,0.363,8.111
2013-06-14 13:56:16+05:30,50.25,-8.03,0.035,232.22,0.345,8.037
2013-06-14 13:56:17+05:30,50.25,-8.068,0.035,232.18,0.412,8.078
2013-06-14 13:56:18+05:30,50.24,-7.973,0.034,232.24,0.427,7.984
2013-06-14 13:56:20+05:30,50.26,-8.006,0.035,232.34,0.474,8.02
2013-06-14 13:56:21+05:30,50.25,-8.034,0.035,232.32,0.33,8.041
2013-06-14 13:56:22+05:30,50.26,-8.157,0.035,232.21,0.349,8.164
2013-06-14 13:56:23+05:30,50.26,-7.997,0.034,232.32,0.426,8.008
2013-06-14 13:56:24+05:30,50.25,-8.1,0.035,232.36,0.31,8.106
2013-06-14 13:56:25+05:30,50.24,-8.083,0.035,232.53,0.354,8.091
2013-06-14 13:56:26+05:30,50.24,-8.137,0.035,232.58,0.375,8.146
2013-06-14 13:56:27+05:30,50.25,-8.084,0.035,232.64,0.402,8.094
2013-06-14 13:56:28+05:30,50.25,-8.02,0.035,232.54,0.333,8.027
2013-06-14 13:56:29+05:30,50.24,-8.012,0.034,232.57,0.278,8.017
2013-06-14 13:56:30+05:30,50.25,-8.03,0.035,232.58,0.37,8.039
2013-06-14 13:56:31+05:30,50.23,-8.017,0.035,232.56,0.404,8.027
2013-06-14 13:56:32+05:30,50.21,-8.053,0.035,232.68,0.41,8.064
2013-06-14 13:56:33+05:30,50.24,-8.095,0.035,232.58,0.354,8.103
2013-06-14 13:56:34+05:30,50.22,-8.03,0.035,232.61,0.399,8.04
2013-06-14 13:56:35+05:30,50.22,-8.055,0.035,232.68,0.382,8.064
2013-06-14 13:56:36+05:30,50.23,-8.115,0.035,232.63,0.425,8.126
2013-06-14 13:56:37+05:30,50.22,-7.988,0.034,232.61,0.378,7.997
2013-06-14 13:56:38+05:30,50.22,-8.055,0.035,232.64,0.332,8.062
2013-06-14 13:56:39+05:30,50.23,-8.028,0.035,232.58,0.425,8.039
2013-06-14 13:56:40+05:30,50.22,-8.034,0.035,232.66,0.345,8.042
2013-06-14 13:56:41+05:30,50.22,-8.087,0.035,232.73,0.41,8.098
2013-06-14 13:56:42+05:30,50.22,-8.001,0.034,232.68,0.386,8.01
2013-06-14 13:56:43+05:30,50.22,-8.048,0.035,232.72,0.333,8.055
2013-06-14 13:56:44+05:30,50.23,-8.011,0.034,232.71,0.406,8.022
2013-06-14 13:56:45+05:30,50.24,-8.126,0.035,232.76,0.285,8.131
2013-06-14 13:56:46+05:30,50.23,-8.09,0.035,232.73,0.359,8.098
2013-06-14 13:56:47+05:30,50.23,-8.002,0.034,232.73,0.395,8.012
2013-06-14 13:56:48+05:30,50.23,-8.048,0.035,232.7,0.31,8.054
2013-06-14 13:56:49+05:30,50.22,-8.125,0.035,232.74,0.286,8.13
2013-06-14 13:56:50+05:30,50.24,-8.054,0.035,232.68,0.388,8.064
2013-06-14 13:56:51+05:30,50.21,-8.034,0.035,232.62,0.327,8.04
2013-06-14 13:56:52+05:30,50.21,-8.022,0.035,232.68,0.391,8.032
2013-06-14 13:56:53+05:30,50.21,-8.065,0.035,232.71,0.414,8.075
2013-06-14 13:56:54+05:30,50.23,-8.105,0.035,232.66,0.428,8.117
2013-06-14 13:56:55+05:30,50.22,-8.016,0.035,232.61,0.454,8.029
2013-06-14 13:56:56+05:30,50.21,-8.023,0.035,232.64,0.352,8.03
2013-06-14 13:56:57+05:30,50.21,-7.896,0.034,232.52,0.418,7.907
2013-06-14 13:56:58+05:30,50.22,-8.033,0.035,232.56,0.295,8.038
2013-06-14 13:56:59+05:30,50.22,-8.117,0.035,232.56,0.318,8.124
2013-06-14 13:57:00+05:30,50.21,-8.005,0.034,232.62,0.472,8.019
2013-06-14 13:57:01+05:30,50.22,-8.117,0.035,232.67,0.417,8.128
2013-06-14 13:57:02+05:30,50.21,-7.976,0.034,232.73,0.468,8.159
2013-06-14 13:57:03+05:30,50.21,-7.95,0.035,230.87,0.434,7.958
2013-06-14 13:57:04+05:30,50.21,-7.939,0.034,231.77,0.368,7.953
2013-06-14 13:57:05+05:30,50.21,-8.001,0.035,231.46,0.308,8.007
2013-06-14 13:57:06+05:30,50.22,-7.913,0.034,231.45,0.427,7.925
2013-06-14 13:57:07+05:30,50.21,-7.969,0.034,231.41,0.353,7.977
2013-06-14 13:57:08+05:30,50.21,-8.057,0.035,231.4,0.508,8.073
2013-06-14 13:57:09+05:30,50.23,-8.038,0.035,231.53,0.53,8.056
2013-06-14 13:57:10+05:30,50.23,-7.909,0.034,231.46,0.29,7.914
2013-06-14 13:57:11+05:30,50.23,-7.884,0.034,231.45,0.347,7.892
2013-06-14 13:57:12+05:30,50.21,-7.906,0.034,231.51,0.398,7.916
2013-06-14 13:57:13+05:30,50.2,-8.055,0.035,231.53,0.426,8.066
2013-06-14 13:57:14+05:30,50.22,-7.986,0.035,231.51,0.499,8.002
2013-06-14 13:57:15+05:30,50.22,-7.994,0.035,231.45,0.317,8
2013-06-14 13:57:16+05:30,50.21,-7.939,0.034,231.36,0.273,7.943
2013-06-14 13:57:17+05:30,50.22,-7.968,0.034,231.46,0.417,7.979
2013-06-14 13:57:18+05:30,50.21,-7.98,0.035,231.36,0.316,7.986
2013-06-14 13:57:19+05:30,50.21,-8.059,0.035,231.61,0.405,8.069
2013-06-14 13:57:20+05:30,50.23,-7.999,0.035,231.43,0.417,8.01
2013-06-14 13:57:21+05:30,50.21,-7.943,0.034,231.19,0.274,7.948
2013-06-14 13:57:22+05:30,50.21,-7.913,0.034,231.22,0.239,7.917
2013-06-14 13:57:23+05:30,50.22,-8.027,0.035,231.26,0.373,8.036
2013-06-14 13:57:24+05:30,50.19,-7.885,0.034,231.32,0.46,7.899
2013-06-14 13:57:25+05:30,50.21,-7.972,0.035,231.29,0.422,7.984
2013-06-14 13:57:26+05:30,50.2,-7.928,0.034,231.38,0.291,7.933
2013-06-14 13:57:27+05:30,50.19,-7.981,0.035,231.44,0.352,7.989
2013-06-14 13:57:28+05:30,50.22,-7.946,0.034,231.26,0.495,7.961
2013-06-14 13:57:29+05:30,50.19,-8.011,0.035,231.38,0.358,8.019
2013-06-14 13:57:30+05:30,50.19,-7.948,0.034,231.43,0.361,7.956
2013-06-14 13:57:31+05:30,50.21,-8.047,0.035,231.51,0.359,8.055
2013-06-14 13:57:32+05:30,50.2,-7.991,0.035,231.5,0.434,7.998
2013-06-14 13:57:33+05:30,50.2,-7.892,0.034,231.32,0.374,7.901
2013-06-14 13:57:34+05:30,50.18,-7.986,0.035,231.41,0.381,7.995
2013-06-14 13:57:35+05:30,50.2,-8.082,0.035,231.26,0.288,8.088
2013-06-14 13:57:36+05:30,50.19,-8.039,0.035,231.26,0.349,8.046
2013-06-14 13:57:37+05:30,50.2,-8.016,0.035,231.12,0.258,8.02
2013-06-14 13:57:38+05:30,50.18,-7.963,0.034,231.13,0.275,7.967
2013-06-14 13:57:39+05:30,50.18,-7.928,0.034,230.96,0.428,7.94
2013-06-14 13:57:40+05:30,50.19,-7.943,0.034,230.93,0.317,7.95
2013-06-14 13:57:41+05:30,50.19,-7.939,0.034,230.57,0.371,7.948
2013-06-14 13:57:42+05:30,50.2,-8.033,0.035,230.59,0.44,8.045
2013-06-14 13:57:43+05:30,50.2,-7.913,0.034,230.69,0.336,7.92
2013-06-14 13:57:44+05:30,50.21,-7.855,0.034,230.55,0.323,7.861
2013-06-14 13:57:45+05:30,50.2,-7.867,0.034,230.59,0.312,7.874
2013-06-14 13:57:46+05:30,50.19,-7.853,0.034,230.39,0.47,7.867
2013-06-14 13:57:47+05:30,50.2,-7.878,0.034,230.39,0.409,7.888
2013-06-14 13:57:48+05:30,50.19,-7.958,0.035,230.76,0.333,7.965
2013-06-14 13:57:49+05:30,50.2,-7.992,0.035,230.68,0.451,8.005
2013-06-14 13:57:50+05:30,50.19,-7.914,0.034,230.82,0.399,7.924
2013-06-14 13:57:51+05:30,50.16,-7.981,0.035,230.83,0.351,7.989
2013-06-14 13:57:52+05:30,50.2,-7.924,0.034,230.97,0.315,7.93
2013-06-14 13:57:53+05:30,50.2,-7.928,0.034,230.88,0.38,7.937
2013-06-14 13:57:54+05:30,50.19,-7.975,0.035,230.88,0.274,7.98
2013-06-14 13:57:55+05:30,50.19,-7.992,0.035,230.89,0.387,8.002
2013-06-14 13:57:56+05:30,50.17,-7.928,0.034,230.77,0.298,7.934
2013-06-14 13:57:57+05:30,50.16,-7.862,0.034,230.77,0.326,7.869
2013-06-14 13:57:58+05:30,50.15,-7.961,0.035,230.8,0.305,7.967
2013-06-14 13:57:59+05:30,50.17,-7.83,0.034,230.84,0.369,7.839
2013-06-14 13:58:00+05:30,50.15,-7.973,0.035,230.84,0.295,7.979
2013-06-14 13:58:01+05:30,50.17,-7.888,0.034,230.86,0.296,7.988
2013-06-14 13:58:02+05:30,50.17,-7.855,0.034,230.87,0.286,7.861
2013-06-14 13:58:03+05:30,50.16,-7.983,0.035,230.84,0.41,7.989
2013-06-14 13:58:05+05:30,50.16,-8.04,0.035,230.87,0.319,8.046
2013-06-14 13:58:06+05:30,50.18,-7.86,0.034,230.73,0.358,7.868
2013-06-14 13:58:07+05:30,50.14,-7.889,0.034,230.72,0.412,7.9
2013-06-14 13:58:08+05:30,50.17,-7.933,0.034,230.83,0.453,7.946
2013-06-14 13:58:09+05:30,50.15,-7.95,0.034,230.94,0.419,7.961
2013-06-14 13:58:10+05:30,50.16,-8.005,0.035,230.95,0.387,8.015
2013-06-14 13:58:11+05:30,50.17,-7.908,0.034,230.86,0.344,7.915
2013-06-14 13:58:12+05:30,50.16,-7.927,0.034,230.86,0.392,7.937
2013-06-14 13:58:13+05:30,50.16,-7.959,0.035,230.8,0.35,7.967
2013-06-14 13:58:14+05:30,50.18,-7.853,0.034,230.89,0.385,7.862
2013-06-14 13:58:15+05:30,50.16,-7.905,0.034,230.82,0.367,7.914
2013-06-14 13:58:16+05:30,50.15,-7.874,0.034,230.88,0.396,7.884
2013-06-14 13:58:17+05:30,50.16,-7.929,0.034,230.87,0.36,7.937
2013-06-14 13:58:18+05:30,50.15,-7.932,0.034,230.85,0.251,7.936
2013-06-14 13:58:19+05:30,50.17,-7.957,0.035,230.82,0.411,7.967
2013-06-14 13:58:20+05:30,50.17,-7.946,0.034,230.93,0.484,7.96
2013-06-14 13:58:21+05:30,50.14,-7.92,0.034,230.89,0.341,7.927
2013-06-14 13:58:22+05:30,50.17,-8.031,0.035,230.96,0.299,8.036
2013-06-14 13:58:23+05:30,50.16,-7.881,0.034,230.97,0.289,7.886
2013-06-14 13:58:24+05:30,50.18,-7.942,0.034,231,0.414,7.952
2013-06-14 13:58:25+05:30,50.17,-7.93,0.034,230.95,0.385,7.94
2013-06-14 13:58:26+05:30,50.19,-7.975,0.035,230.92,0.334,7.981
2013-06-14 13:58:27+05:30,50.18,-7.866,0.034,230.98,0.392,7.876
2013-06-14 13:58:28+05:30,50.19,-7.96,0.035,230.92,0.406,7.971
2013-06-14 13:58:29+05:30,50.16,-8.006,0.035,230.89,0.314,8.012
2013-06-14 13:58:30+05:30,50.19,-7.945,0.034,231.01,0.348,7.953
2013-06-14 13:58:31+05:30,50.18,-7.959,0.034,231,0.264,7.963
2013-06-14 13:58:32+05:30,50.17,-7.933,0.034,231.02,0.386,7.942
2013-06-14 13:58:33+05:30,50.19,-7.977,0.034,231.07,0.422,7.986
2013-06-14 13:58:34+05:30,50.19,-7.987,0.035,231.06,0.365,7.997
2013-06-14 13:58:35+05:30,50.17,-7.888,0.034,231.12,0.434,7.896
2013-06-14 13:58:36+05:30,50.16,-7.902,0.034,231.25,0.356,7.916
2013-06-14 13:58:37+05:30,50.19,-7.962,0.034,231.13,0.294,7.967
2013-06-14 13:58:38+05:30,50.19,-7.996,0.035,231.12,0.473,8.01
2013-06-14 13:58:39+05:30,50.18,-7.893,0.034,231.09,0.37,7.901
2013-06-14 13:58:40+05:30,50.18,-7.848,0.034,230.97,0.304,7.854
2013-06-14 13:58:41+05:30,50.19,-7.948,0.034,231.13,0.374,7.957
2013-06-14 13:58:42+05:30,50.18,-7.878,0.034,230.99,0.375,7.887
2013-06-14 13:58:43+05:30,50.18,-7.96,0.034,231.05,0.268,7.965
2013-06-14 13:58:44+05:30,50.19,-7.859,0.034,230.96,0.301,7.865
2013-06-14 13:58:45+05:30,50.18,-7.9,0.034,230.99,0.377,7.909
2013-06-14 13:58:46+05:30,50.17,-7.961,0.034,231.09,0.285,7.966
2013-06-14 13:58:47+05:30,50.16,-7.982,0.035,231.07,0.286,7.987
2013-06-14 13:58:48+05:30,50.17,-7.935,0.034,231.05,0.364,7.943
2013-06-14 13:58:49+05:30,50.2,-7.936,0.034,231.06,0.338,7.944
2013-06-14 13:58:50+05:30,50.19,-7.997,0.035,231.03,0.388,8.007
2013-06-14 13:58:51+05:30,50.19,-7.961,0.035,230.92,0.396,7.971
2013-06-14 13:58:52+05:30,50.19,-7.874,0.034,230.87,0.385,7.883
2013-06-14 13:58:53+05:30,50.2,-7.915,0.034,230.85,0.418,7.926
2013-06-14 13:58:54+05:30,50.19,-7.946,0.034,230.83,0.413,7.957
2013-06-14 13:58:55+05:30,50.19,-7.89,0.034,231.04,0.402,7.9
2013-06-14 13:58:56+05:30,50.19,-7.99,0.035,230.92,0.445,8.003
2013-06-14 13:58:57+05:30,50.18,-7.958,0.034,231.02,0.29,7.964
2013-06-14 13:58:58+05:30,50.18,-7.946,0.034,230.94,0.259,7.95
2013-06-14 13:58:59+05:30,50.19,-8.016,0.035,230.95,0.388,8.025
2013-06-14 13:59:00+05:30,50.18,-7.984,0.035,231.03,0.428,7.996
2013-06-14 13:59:01+05:30,50.19,-7.892,0.034,230.99,0.312,7.898
2013-06-14 13:59:02+05:30,50.17,-7.892,0.034,230.83,0.417,7.903
2013-06-14 13:59:03+05:30,50.19,-7.892,0.034,230.63,0.42,7.898
2013-06-14 13:59:04+05:30,50.17,-7.81,0.034,230.67,0.33,7.821
2013-06-14 13:59:05+05:30,50.2,-7.82,0.034,230.64,0.409,7.828
2013-06-14 13:59:06+05:30,50.19,-7.847,0.034,229.04,0.306,7.853
2013-06-14 13:59:07+05:30,50.18,-7.966,0.035,230.69,0.356,7.974
2013-06-14 13:59:08+05:30,50.19,-7.925,0.034,230.68,0.28,7.93
2013-06-14 13:59:09+05:30,50.19,-7.955,0.035,230.62,0.305,7.961
2013-06-14 13:59:10+05:30,50.17,-7.92,0.034,230.7,0.42,7.931
2013-06-14 13:59:11+05:30,50.17,-7.927,0.034,230.66,0.461,7.94
2013-06-14 13:59:12+05:30,50.2,-7.925,0.034,230.69,0.312,7.931
2013-06-14 13:59:13+05:30,50.19,-7.972,0.035,230.55,0.331,7.979
2013-06-14 13:59:14+05:30,50.19,-7.96,0.035,230.61,0.426,7.971
2013-06-14 13:59:15+05:30,50.17,-7.935,0.034,230.63,0.486,7.95
2013-06-14 13:59:16+05:30,50.19,-7.836,0.034,229.93,0.268,7.84
2013-06-14 13:59:17+05:30,50.18,-8.009,0.035,230.44,0.372,8.018
2013-06-14 13:59:18+05:30,50.17,-7.902,0.034,230.4,0.361,7.91
2013-06-14 13:59:19+05:30,50.17,-7.948,0.034,230.82,0.373,7.957
2013-06-14 13:59:20+05:30,50.21,-8.023,0.035,231.21,0.424,8.034
2013-06-14 13:59:21+05:30,50.18,-7.915,0.034,231.18,0.423,7.926
2013-06-14 13:59:22+05:30,50.18,-7.959,0.034,231.15,0.378,7.968
2013-06-14 13:59:23+05:30,50.18,-7.828,0.034,231.33,0.299,7.834
2013-06-14 13:59:24+05:30,50.2,-8.029,0.035,231.23,0.31,8.035
2013-06-14 13:59:25+05:30,50.21,-8.034,0.035,231.19,0.393,8.044
2013-06-14 13:59:26+05:30,50.19,-7.901,0.034,231.29,0.351,7.908
2013-06-14 13:59:27+05:30,50.2,-7.981,0.035,231.22,0.409,7.992
2013-06-14 13:59:28+05:30,50.18,-7.953,0.034,231.22,0.316,7.96
2013-06-14 13:59:29+05:30,50.17,-8.071,0.035,231.15,0.234,8.075
2013-06-14 13:59:30+05:30,50.18,-7.963,0.034,231.21,0.333,7.97
2013-06-14 13:59:31+05:30,50.18,-7.949,0.034,231.18,0.379,7.958
2013-06-14 13:59:32+05:30,50.19,-7.943,0.034,231.2,0.303,7.948
2013-06-14 13:59:33+05:30,50.19,-7.873,0.034,231.06,0.381,7.877
2013-06-14 13:59:34+05:30,50.18,-8.069,0.035,230.92,0.365,8.077
2013-06-14 13:59:35+05:30,50.19,-7.947,0.034,230.96,0.432,7.953
2013-06-14 13:59:36+05:30,50.18,-7.914,0.034,231.04,0.343,7.92
2013-06-14 13:59:37+05:30,50.17,-7.92,0.034,231.02,0.429,7.931
2013-06-14 13:59:38+05:30,50.18,-7.913,0.034,230.97,0.3,7.919
2013-06-14 13:59:39+05:30,50.18,-7.947,0.034,231.29,0.277,7.951
2013-06-14 13:59:40+05:30,50.18,-7.973,0.035,230.87,0.335,7.98
2013-06-14 13:59:41+05:30,50.17,-7.959,0.035,230.36,0.459,7.973
2013-06-14 13:59:42+05:30,50.18,-7.848,0.034,229.81,0.388,7.858
2013-06-14 13:59:43+05:30,50.18,-7.843,0.034,229.64,0.377,7.852
2013-06-14 13:59:44+05:30,50.19,-7.941,0.034,231.26,0.388,7.95
2013-06-14 13:59:45+05:30,50.18,-8.065,0.035,231.4,0.348,8.073
2013-06-14 13:59:46+05:30,50.18,-7.999,0.035,231.43,0.424,8.01
2013-06-14 13:59:49+05:30,50.19,-7.93,0.034,231.42,0.489,7.945
2013-06-14 13:59:50+05:30,50.19,-7.906,0.034,231.07,0.285,7.912
2013-06-14 13:59:51+05:30,50.2,-7.891,0.034,231.3,0.322,7.898
2013-06-14 13:59:52+05:30,50.2,-7.957,0.034,231.35,0.337,7.964
2013-06-14 13:59:53+05:30,50.19,-8.025,0.035,231.49,0.356,8.033
2013-06-14 13:59:54+05:30,50.19,-7.831,0.034,231.12,0.318,7.837
2013-06-14 13:59:55+05:30,50.2,-7.936,0.034,230.98,0.289,7.941
2013-06-14 13:59:56+05:30,50.19,-7.976,0.035,231,0.361,7.984
2013-06-14 13:59:57+05:30,50.2,-7.905,0.034,230.86,0.389,7.915
2013-06-14 13:59:58+05:30,50.2,-7.847,0.034,230.72,0.392,7.856
2013-06-14 13:59:59+05:30,50.19,-7.941,0.034,230.67,0.404,7.952
2013-06-14 14:00:00+05:30,50.19,-7.951,0.034,230.74,0.221,7.954
2013-06-14 14:00:02+05:30,50.19,-7.933,0.034,230.62,0.301,7.939
2013-06-14 14:00:03+05:30,50.18,-7.94,0.034,230.68,0.43,7.952
2013-06-14 14:00:04+05:30,50.2,-7.878,0.034,230.74,0.421,7.898
2013-06-14 14:00:05+05:30,50.19,-8.003,0.034,230.26,0.37,8.009
2013-06-14 14:00:06+05:30,50.18,-7.867,0.034,230.39,0.302,7.875
2013-06-14 14:00:07+05:30,50.2,-7.899,0.034,230.27,0.328,7.906
2013-06-14 14:00:08+05:30,50.2,-7.84,0.034,230.29,0.45,7.853
2013-06-14 14:00:09+05:30,50.19,-7.909,0.034,230.29,0.354,7.917
2013-06-14 14:00:10+05:30,50.18,-7.89,0.034,230.28,0.497,7.906
2013-06-14 14:00:11+05:30,50.19,-7.852,0.034,230.29,0.42,7.863
2013-06-14 14:00:12+05:30,50.2,-7.936,0.035,230.31,0.46,7.95
2013-06-14 14:00:13+05:30,50.19,-7.878,0.034,230.25,0.291,7.884
2013-06-14 14:00:14+05:30,50.19,-7.912,0.034,230.4,0.375,7.921
2013-06-14 14:00:15+05:30,50.18,-7.935,0.034,230.4,0.327,7.942
2013-06-14 14:00:16+05:30,50.19,-7.903,0.034,230.45,0.362,7.912
2013-06-14 14:00:17+05:30,50.2,-7.805,0.034,230.34,0.315,7.811
2013-06-14 14:00:18+05:30,50.21,-7.901,0.034,230.32,0.313,7.907
2013-06-14 14:00:19+05:30,50.19,-7.822,0.034,230.32,0.393,7.832
2013-06-14 14:00:20+05:30,50.2,-7.887,0.034,230.3,0.376,7.896
2013-06-14 14:00:21+05:30,50.19,-7.932,0.034,230.32,0.348,7.94
2013-06-14 14:00:22+05:30,50.2,-7.859,0.034,230.3,0.26,7.864
2013-06-14 14:00:23+05:30,50.2,-7.971,0.035,230.26,0.386,7.98
2013-06-14 14:00:24+05:30,50.18,-7.962,0.035,230.34,0.409,7.972
2013-06-14 14:00:25+05:30,50.18,-7.996,0.035,230.33,0.34,8.003
2013-06-14 14:00:26+05:30,50.19,-7.942,0.035,230.31,0.344,7.95
2013-06-14 14:00:27+05:30,50.18,-7.841,0.034,230.17,0.331,7.848
2013-06-14 14:00:28+05:30,50.2,-7.866,0.034,230.27,0.344,7.873
2013-06-14 14:00:29+05:30,50.19,-7.983,0.035,230.23,0.332,7.99
2013-06-14 14:00:30+05:30,50.19,-8.047,0.035,230.24,0.33,8.053
2013-06-14 14:00:31+05:30,50.18,-7.895,0.034,230.21,0.369,7.904
2013-06-14 14:00:32+05:30,50.19,-7.991,0.035,230.1,0.28,7.996
2013-06-14 14:00:33+05:30,50.18,-7.848,0.034,230.17,0.414,7.859
2013-06-14 14:00:34+05:30,50.18,-7.787,0.034,230.22,0.369,7.796
2013-06-14 14:00:35+05:30,50.18,-7.9,0.035,230.23,0.342,7.908
2013-06-14 14:00:36+05:30,50.2,-7.843,0.034,230.32,0.357,7.85
2013-06-14 14:00:37+05:30,50.19,-7.903,0.034,230.2,0.23,7.915
2013-06-14 14:00:38+05:30,50.19,-7.84,0.034,230.19,0.343,7.848
2013-06-14 14:00:39+05:30,50.19,-7.895,0.034,230.19,0.351,7.903
2013-06-14 14:00:40+05:30,50.2,-7.943,0.035,230.29,0.318,7.949
2013-06-14 14:00:41+05:30,50.18,-7.766,0.034,227.91,0.301,7.772
2013-06-14 14:00:42+05:30,50.19,-7.816,0.034,228.19,0.353,7.824
2013-06-14 14:00:43+05:30,50.19,-7.776,0.034,228.12,0.206,7.779
2013-06-14 14:00:44+05:30,50.19,-7.728,0.034,228.14,0.36,7.737
2013-06-14 14:00:45+05:30,50.18,-7.759,0.034,228.15,0.4,7.769
2013-06-14 14:00:46+05:30,50.18,-7.914,0.034,230.09,0.345,7.921
2013-06-14 14:00:47+05:30,50.19,-7.926,0.034,230.54,0.412,7.936
2013-06-14 14:00:48+05:30,50.17,-7.86,0.034,230.48,0.402,7.87
2013-06-14 14:00:49+05:30,50.18,-7.93,0.034,230.6,0.37,7.938
2013-06-14 14:00:50+05:30,50.18,-7.875,0.034,230.55,0.363,7.883
2013-06-14 14:00:51+05:30,50.17,-7.923,0.034,230.6,0.288,7.928
2013-06-14 14:00:52+05:30,50.16,-8.013,0.035,230.59,0.406,8.023
2013-06-14 14:00:53+05:30,50.18,-7.901,0.034,230.37,0.357,7.909
2013-06-14 14:00:54+05:30,50.17,-7.901,0.034,230.11,0.396,7.911
2013-06-14 14:00:55+05:30,50.19,-7.916,0.034,230,0.445,7.928
2013-06-14 14:00:56+05:30,50.18,-7.944,0.035,230.06,0.339,7.952
2013-06-14 14:00:57+05:30,50.17,-7.905,0.034,230.14,0.333,7.912
2013-06-14 14:00:58+05:30,50.18,-7.85,0.034,230.18,0.398,7.86
2013-06-14 14:00:59+05:30,50.16,-7.893,0.034,230.15,0.376,7.901
2013-06-14 14:01:00+05:30,50.16,-7.913,0.034,230.05,0.327,7.92
2013-06-14 14:01:01+05:30,50.15,-7.853,0.034,229.97,0.394,7.863
2013-06-14 14:01:02+05:30,50.17,-7.849,0.034,230.1,0.346,7.857
2013-06-14 14:01:03+05:30,50.16,-7.858,0.034,230.01,0.322,7.865
2013-06-14 14:01:04+05:30,50.16,-7.977,0.035,229.99,0.266,7.981
2013-06-14 14:01:05+05:30,50.15,-7.907,0.034,229.74,0.436,7.921
2013-06-14 14:01:06+05:30,50.14,-7.783,0.034,229.42,0.428,7.79
2013-06-14 14:01:07+05:30,50.15,-7.907,0.035,229.38,0.301,7.917
2013-06-14 14:01:08+05:30,50.13,-7.825,0.034,229.44,0.429,7.836
2013-06-14 14:01:09+05:30,50.15,-7.878,0.034,229.42,0.384,7.887
2013-06-14 14:01:10+05:30,50.16,-7.88,0.034,229.44,0.345,7.888
2013-06-14 14:01:11+05:30,50.16,-7.844,0.034,229.47,0.453,7.857
2013-06-14 14:01:12+05:30,50.16,-7.956,0.035,229.6,0.434,7.968
2013-06-14 14:01:13+05:30,50.18,-7.903,0.034,229.57,0.41,7.914
2013-06-14 14:01:14+05:30,50.17,-7.937,0.035,229.58,0.374,7.946
2013-06-14 14:01:15+05:30,50.16,-7.906,0.034,229.55,0.339,7.913
2013-06-14 14:01:16+05:30,50.16,-7.923,0.035,229.54,0.418,7.934
2013-06-14 14:01:17+05:30,50.16,-7.871,0.034,229.51,0.366,7.88
2013-06-14 14:01:18+05:30,50.17,-7.896,0.034,229.59,0.355,7.904
2013-06-14 14:01:19+05:30,50.17,-7.842,0.034,229.55,0.33,7.849
2013-06-14 14:01:20+05:30,50.16,-7.927,0.035,229.55,0.349,7.934
2013-06-14 14:01:21+05:30,50.17,-7.832,0.034,229.52,0.284,7.837
2013-06-14 14:01:22+05:30,50.17,-7.79,0.034,229.58,0.322,7.796
2013-06-14 14:01:23+05:30,50.16,-7.884,0.034,229.5,0.313,7.89
2013-06-14 14:01:24+05:30,50.17,-7.858,0.034,229.38,0.313,7.864
2013-06-14 14:01:25+05:30,50.17,-7.949,0.035,230.25,0.395,7.958
2013-06-14 14:01:26+05:30,50.16,-7.949,0.035,230.28,0.398,7.959
2013-06-14 14:01:27+05:30,50.18,-7.916,0.034,230.22,0.379,7.925
2013-06-14 14:01:28+05:30,50.17,-7.97,0.035,230.48,0.342,7.977
2013-06-14 14:01:29+05:30,50.17,-7.999,0.035,230.4,0.333,8.006
2013-06-14 14:01:30+05:30,50.16,-7.936,0.034,230.48,0.369,7.945
2013-06-14 14:01:31+05:30,50.18,-7.96,0.035,230.45,0.279,7.965
2013-06-14 14:01:32+05:30,50.17,-7.949,0.035,230.27,0.394,7.959
2013-06-14 14:01:33+05:30,50.18,-7.88,0.034,230.26,0.234,7.884
2013-06-14 14:01:34+05:30,50.17,-7.891,0.034,230.3,0.274,7.896
2013-06-14 14:01:35+05:30,50.17,-7.874,0.034,230.21,0.311,7.881
2013-06-14 14:01:36+05:30,50.19,-7.878,0.034,230.29,0.322,7.885
2013-06-14 14:01:37+05:30,50.18,-7.831,0.034,230.24,0.383,7.838
2013-06-14 14:01:38+05:30,50.17,-7.901,0.034,230.25,0.248,7.905
2013-06-14 14:01:39+05:30,50.18,-7.874,0.034,230.21,0.364,7.882
2013-06-14 14:01:40+05:30,50.18,-7.876,0.034,230.23,0.328,7.883
2013-06-14 14:01:41+05:30,50.18,-7.864,0.034,230.2,0.334,7.871
2013-06-14 14:01:42+05:30,50.18,-7.955,0.035,230.09,0.373,7.964
2013-06-14 14:01:43+05:30,50.18,-7.892,0.034,230.05,0.303,7.898
2013-06-14 14:01:44+05:30,50.17,-7.768,0.034,230.1,0.445,7.781
2013-06-14 14:01:45+05:30,50.16,-7.864,0.034,230.58,0.384,7.873
2013-06-14 14:01:46+05:30,50.17,-7.807,0.034,230.42,0.333,7.814
2013-06-14 14:01:47+05:30,50.17,-7.882,0.034,230.38,0.315,7.888
2013-06-14 14:01:48+05:30,50.18,-7.972,0.035,230.3,0.396,7.981
2013-06-14 14:01:49+05:30,50.16,-7.884,0.034,230.25,0.405,7.894
2013-06-14 14:01:50+05:30,50.17,-7.859,0.034,230.19,0.434,7.871
2013-06-14 14:01:51+05:30,50.17,-7.927,0.034,230.15,0.335,7.934
2013-06-14 14:01:52+05:30,50.15,-7.959,0.035,230.21,0.368,7.968
2013-06-14 14:01:53+05:30,50.18,-7.901,0.034,230.18,0.439,7.913
2013-06-14 14:01:54+05:30,50.16,-7.929,0.034,230.2,0.323,7.935
2013-06-14 14:01:55+05:30,50.16,-7.908,0.034,230.18,0.307,7.913
2013-06-14 14:01:56+05:30,50.17,-7.907,0.034,230.23,0.355,7.915
2013-06-14 14:01:57+05:30,50.18,-7.89,0.034,230.18,0.442,7.903
2013-06-14 14:01:58+05:30,50.17,-7.944,0.035,230.31,0.308,7.95
2013-06-14 14:01:59+05:30,50.17,-7.848,0.034,228.06,0.209,7.851
2013-06-14 14:02:00+05:30,50.17,-7.752,0.034,228.16,0.326,7.758
2013-06-14 14:02:01+05:30,50.17,-7.686,0.034,227.93,0.414,7.697
2013-06-14 14:02:03+05:30,50.16,-7.701,0.034,228.24,0.322,7.708
2013-06-14 14:02:04+05:30,50.18,-7.82,0.034,228.05,0.384,7.83
2013-06-14 14:02:05+05:30,50.17,-7.801,0.034,228.02,0.316,7.807
2013-06-14 14:02:06+05:30,50.14,-7.806,0.034,227.95,0.386,7.749
2013-06-14 14:02:07+05:30,50.15,-7.689,0.034,227.95,0.397,7.698
2013-06-14 14:02:08+05:30,50.17,-7.873,0.035,228,0.322,7.881
2013-06-14 14:02:09+05:30,50.16,-7.821,0.034,228.03,0.342,7.829
2013-06-14 14:02:10+05:30,50.16,-7.716,0.034,228.07,0.34,7.723
2013-06-14 14:02:11+05:30,50.16,-7.763,0.034,228.2,0.353,7.771
2013-06-14 14:02:12+05:30,50.16,-7.805,0.034,228.16,0.329,7.812
2013-06-14 14:02:13+05:30,50.15,-7.766,0.034,228.1,0.437,7.778
2013-06-14 14:02:14+05:30,50.16,-7.729,0.034,228.14,0.348,7.736
2013-06-14 14:02:15+05:30,50.16,-7.642,0.034,228.15,0.352,7.65
2013-06-14 14:02:16+05:30,50.15,-7.751,0.034,228.25,0.413,7.762
2013-06-14 14:02:17+05:30,50.16,-7.752,0.034,228.16,0.313,7.759
2013-06-14 14:02:18+05:30,50.16,-7.74,0.034,228.15,0.351,7.748
2013-06-14 14:02:19+05:30,50.18,-7.814,0.034,228.14,0.351,7.822
2013-06-14 14:02:20+05:30,50.16,-7.81,0.034,228.13,0.427,7.822
2013-06-14 14:02:21+05:30,50.16,-7.762,0.034,228.07,0.265,7.766
2013-06-14 14:02:22+05:30,50.14,-7.719,0.034,228.24,0.385,7.729
2013-06-14 14:02:23+05:30,50.15,-7.788,0.034,228.3,0.333,7.795
2013-06-14 14:02:24+05:30,50.14,-7.804,0.034,228.22,0.401,7.814
2013-06-14 14:02:25+05:30,50.16,-7.763,0.034,228.21,0.343,7.771
2013-06-14 14:02:26+05:30,50.16,-7.763,0.034,228.18,0.339,7.77
2013-06-14 14:02:27+05:30,50.15,-7.751,0.034,228.27,0.409,7.762
2013-06-14 14:02:28+05:30,50.15,-7.755,0.034,228.31,0.373,7.764
2013-06-14 14:02:29+05:30,50.16,-7.802,0.034,228.33,0.271,7.807
2013-06-14 14:02:30+05:30,50.16,-7.853,0.034,228.32,0.342,7.86
2013-06-14 14:02:31+05:30,50.14,-7.778,0.034,228.28,0.508,7.795
2013-06-14 14:02:32+05:30,50.14,-7.694,0.034,228.23,0.196,7.696
2013-06-14 14:02:33+05:30,50.15,-7.73,0.034,228.3,0.42,7.742
2013-06-14 14:02:34+05:30,50.15,-7.793,0.034,228.33,0.253,7.797
2013-06-14 14:02:35+05:30,50.15,-7.77,0.034,228.39,0.324,7.721
2013-06-14 14:02:36+05:30,50.14,-7.855,0.034,228.29,0.326,7.859
2013-06-14 14:02:37+05:30,50.15,-7.679,0.034,228.28,0.31,7.685
2013-06-14 14:02:38+05:30,50.15,-7.795,0.034,228.22,0.359,7.803
2013-06-14 14:02:39+05:30,50.14,-7.686,0.034,228.13,0.336,7.693
2013-06-14 14:02:40+05:30,50.14,-7.737,0.034,228.16,0.402,7.748
2013-06-14 14:02:41+05:30,50.13,-7.798,0.034,228.07,0.418,7.809
2013-06-14 14:02:42+05:30,50.14,-7.794,0.034,227.86,0.342,7.802
2013-06-14 14:02:43+05:30,50.13,-7.796,0.034,227.86,0.297,7.802
2013-06-14 14:02:44+05:30,50.13,-7.751,0.034,227.87,0.354,7.76
2013-06-14 14:02:45+05:30,50.15,-7.841,0.034,227.88,0.477,7.855
2013-06-14 14:02:46+05:30,50.14,-7.8,0.034,227.92,0.251,7.804
2013-06-14 14:02:47+05:30,50.16,-7.736,0.034,227.94,0.247,7.74
2013-06-14 14:02:48+05:30,50.14,-7.733,0.034,228.03,0.411,7.744
2013-06-14 14:02:49+05:30,50.15,-7.673,0.034,228.05,0.325,7.679
2013-06-14 14:02:50+05:30,50.17,-7.791,0.034,228.36,0.323,7.797
2013-06-14 14:02:51+05:30,50.17,-7.843,0.034,228.44,0.409,7.854
2013-06-14 14:02:52+05:30,50.18,-7.743,0.034,228.47,0.283,7.748
2013-06-14 14:02:53+05:30,50.15,-7.853,0.034,228.52,0.468,7.867
2013-06-14 14:02:54+05:30,50.15,-7.809,0.034,228.55,0.303,7.815
2013-06-14 14:02:55+05:30,50.18,-7.815,0.034,228.47,0.347,7.823
2013-06-14 14:02:56+05:30,50.17,-7.775,0.034,228.54,0.342,7.782
2013-06-14 14:02:57+05:30,50.18,-7.821,0.034,228.48,0.448,7.834
2013-06-14 14:02:58+05:30,50.17,-7.785,0.034,228.42,0.252,7.789
2013-06-14 14:02:59+05:30,50.17,-7.796,0.034,228.31,0.403,7.806
2013-06-14 14:03:00+05:30,50.17,-7.72,0.034,228.35,0.44,7.733
2013-06-14 14:03:01+05:30,50.18,-7.75,0.034,228.31,0.462,7.764
2013-06-14 14:03:02+05:30,50.17,-7.739,0.034,228.27,0.442,7.752
2013-06-14 14:03:03+05:30,50.17,-7.766,0.034,228.33,0.369,7.775
2013-06-14 14:03:04+05:30,50.19,-7.862,0.034,228.38,0.411,7.798
2013-06-14 14:03:05+05:30,50.16,-7.699,0.035,228.28,0.341,7.71
2013-06-14 14:03:06+05:30,50.16,-7.787,0.034,228.33,0.356,7.798
2013-06-14 14:03:07+05:30,50.16,-7.761,0.034,228.29,0.192,7.773
2013-06-14 14:03:08+05:30,50.16,-7.824,0.034,228.31,0.281,7.829
2013-06-14 14:03:09+05:30,50.17,-7.769,0.034,228.31,0.295,7.774
2013-06-14 14:03:10+05:30,50.17,-7.803,0.034,228.67,0.289,7.808
2013-06-14 14:03:11+05:30,50.16,-7.747,0.034,228.62,0.309,7.753
2013-06-14 14:03:12+05:30,50.16,-7.807,0.034,228.64,0.408,7.818
2013-06-14 14:03:13+05:30,50.16,-7.732,0.034,228.68,0.43,7.744
2013-06-14 14:03:14+05:30,50.16,-7.881,0.035,228.5,0.313,7.887
2013-06-14 14:03:16+05:30,50.16,-7.909,0.035,228.43,0.353,7.917
2013-06-14 14:03:20+05:30,50.16,-7.812,0.034,228.35,0.329,7.819
2013-06-14 14:03:21+05:30,50.17,-7.815,0.034,227.79,0.302,7.82
2013-06-14 14:03:22+05:30,50.17,-7.718,0.034,227.78,0.31,7.724
2013-06-14 14:03:23+05:30,50.17,-7.791,0.034,227.75,0.325,7.798
2013-06-14 14:03:24+05:30,50.17,-7.774,0.034,227.83,0.298,7.779
2013-06-14 14:03:25+05:30,50.16,-7.744,0.034,227.75,0.42,7.756
2013-06-14 14:03:26+05:30,50.17,-7.66,0.034,227.66,0.318,7.666
2013-06-14 14:03:27+05:30,50.15,-7.697,0.034,227.82,0.329,7.704
2013-06-14 14:03:28+05:30,50.15,-7.695,0.034,227.87,0.414,7.706
2013-06-14 14:03:29+05:30,50.16,-7.86,0.035,227.69,0.397,7.87
2013-06-14 14:03:30+05:30,50.14,-7.749,0.034,227.68,0.259,7.753
2013-06-14 14:03:31+05:30,50.15,-7.737,0.034,227.72,0.334,7.744
2013-06-14 14:03:32+05:30,50.15,-7.728,0.034,227.82,0.369,7.736
2013-06-14 14:03:33+05:30,50.16,-7.715,0.034,227.7,0.304,7.721
2013-06-14 14:03:34+05:30,50.14,-7.758,0.034,227.43,0.343,7.766
2013-06-14 14:03:35+05:30,50.14,-7.738,0.034,227.44,0.333,7.745
2013-06-14 14:03:36+05:30,50.16,-7.693,0.034,227.52,0.418,7.705
2013-06-14 14:03:37+05:30,50.16,-7.718,0.034,227.53,0.356,7.727
2013-06-14 14:03:38+05:30,50.17,-7.789,0.034,227.49,0.419,7.8
2013-06-14 14:03:39+05:30,50.17,-7.744,0.034,227.65,0.348,7.752
2013-06-14 14:03:40+05:30,50.15,-7.723,0.034,227.9,0.296,7.728
2013-06-14 14:03:41+05:30,50.17,-7.8,0.034,227.9,0.461,7.814
2013-06-14 14:03:42+05:30,50.17,-7.691,0.034,227.9,0.288,7.696
2013-06-14 14:03:43+05:30,50.17,-7.766,0.034,227.85,0.469,7.78
2013-06-14 14:03:44+05:30,50.18,-7.738,0.034,227.93,0.447,7.751
2013-06-14 14:03:45+05:30,50.17,-7.742,0.034,227.95,0.378,7.751
2013-06-14 14:03:46+05:30,50.17,-7.803,0.034,227.88,0.389,7.813
2013-06-14 14:03:47+05:30,50.17,-7.801,0.034,227.96,0.265,7.805
2013-06-14 14:03:48+05:30,50.19,-7.789,0.034,227.98,0.305,7.795
2013-06-14 14:03:49+05:30,50.17,-7.683,0.034,228.08,0.361,7.691
2013-06-14 14:03:50+05:30,50.16,-7.777,0.034,227.95,0.319,7.783
2013-06-14 14:03:51+05:30,50.18,-7.735,0.034,228,0.348,7.742
2013-06-14 14:03:52+05:30,50.18,-7.754,0.034,227.94,0.361,7.762
2013-06-14 14:03:53+05:30,50.17,-7.766,0.034,227.98,0.339,7.774
2013-06-14 14:03:54+05:30,50.19,-7.796,0.034,227.82,0.265,7.8
2013-06-14 14:03:55+05:30,50.19,-7.793,0.034,227.83,0.349,7.801
2013-06-14 14:03:56+05:30,50.17,-7.782,0.034,227.83,0.36,7.79
2013-06-14 14:03:57+05:30,50.18,-7.758,0.034,227.68,0.286,7.763
2013-06-14 14:03:58+05:30,50.19,-7.789,0.034,228.1,0.407,7.799
2013-06-14 14:03:59+05:30,50.19,-7.784,0.034,228.05,0.265,7.79
2013-06-14 14:04:00+05:30,50.19,-7.73,0.034,228.15,0.314,7.736
2013-06-14 14:04:01+05:30,50.2,-7.747,0.034,228.1,0.371,7.756
2013-06-14 14:04:02+05:30,50.18,-7.697,0.034,228.16,0.342,7.705
2013-06-14 14:04:04+05:30,50.2,-7.693,0.034,228.13,0.414,7.704
2013-06-14 14:04:05+05:30,50.2,-7.831,0.034,228.08,0.407,7.841
2013-06-14 14:04:06+05:30,50.19,-7.679,0.034,228.04,0.406,7.69
2013-06-14 14:04:07+05:30,50.2,-7.728,0.034,228.16,0.373,7.737
2013-06-14 14:04:08+05:30,50.2,-7.741,0.034,228.13,0.307,7.747
2013-06-14 14:04:09+05:30,50.18,-7.719,0.034,228.14,0.333,7.726
2013-06-14 14:04:10+05:30,50.22,-7.77,0.034,228.15,0.388,7.78
2013-06-14 14:04:11+05:30,50.2,-7.734,0.034,228.02,0.382,7.743
2013-06-14 14:04:12+05:30,50.21,-7.731,0.034,228.1,0.239,7.735
2013-06-14 14:04:13+05:30,50.21,-7.766,0.034,228.2,0.266,7.771
2013-06-14 14:04:14+05:30,50.21,-7.748,0.034,228.94,0.262,7.753
2013-06-14 14:04:15+05:30,50.22,-7.801,0.034,228.95,0.307,7.807
2013-06-14 14:04:16+05:30,50.2,-7.845,0.034,228.96,0.283,7.85
2013-06-14 14:04:17+05:30,50.2,-7.822,0.034,229.04,0.379,7.831
2013-06-14 14:04:18+05:30,50.21,-7.848,0.034,228.91,0.417,7.859
2013-06-14 14:04:19+05:30,50.19,-7.768,0.034,228.96,0.325,7.775
2013-06-14 14:04:20+05:30,50.21,-7.832,0.034,228.96,0.332,7.839
2013-06-14 14:04:21+05:30,50.18,-7.812,0.034,228.97,0.323,7.818
2013-06-14 14:04:22+05:30,50.19,-7.801,0.034,228.97,0.32,7.808
2013-06-14 14:04:23+05:30,50.18,-7.857,0.034,229.03,0.309,7.863
2013-06-14 14:04:24+05:30,50.21,-7.801,0.034,228.62,0.285,7.806
2013-06-14 14:04:25+05:30,50.19,-7.785,0.034,228.6,0.384,7.795
2013-06-14 14:04:26+05:30,50.2,-7.731,0.034,228.5,0.333,7.838
2013-06-14 14:04:27+05:30,50.2,-7.731,0.034,228.5,0.333,7.838
2013-06-14 14:04:28+05:30,50.19,-7.72,0.034,228.23,0.332,7.728
2013-06-14 14:04:29+05:30,50.19,-7.821,0.034,228.29,0.321,7.828
2013-06-14 14:04:30+05:30,50.2,-7.848,0.034,228.22,0.357,7.856
2013-06-14 14:04:31+05:30,50.19,-7.854,0.034,228.3,0.279,7.859
2013-06-14 14:04:32+05:30,50.19,-7.83,0.034,228.31,0.37,7.838
2013-06-14 14:04:33+05:30,50.19,-7.794,0.034,228.42,0.295,7.799
2013-06-14 14:04:34+05:30,50.18,-7.76,0.034,228.42,0.334,7.767
2013-06-14 14:04:35+05:30,50.18,-7.713,0.034,228.35,0.373,7.722
2013-06-14 14:04:36+05:30,50.2,-7.772,0.034,228.42,0.303,7.778
2013-06-14 14:04:37+05:30,50.19,-7.743,0.034,228.36,0.416,7.755
2013-06-14 14:04:38+05:30,50.17,-7.651,0.034,228.31,0.274,7.656
2013-06-14 14:04:39+05:30,50.18,-7.71,0.034,228.26,0.37,7.719
2013-06-14 14:04:40+05:30,50.18,-7.788,0.034,228.33,0.37,7.796
2013-06-14 14:04:41+05:30,50.2,-7.768,0.034,228.3,0.315,7.774
2013-06-14 14:04:42+05:30,50.18,-7.87,0.035,228.29,0.405,7.88
2013-06-14 14:04:43+05:30,50.2,-7.702,0.034,228.31,0.358,7.71
2013-06-14 14:04:44+05:30,50.18,-7.681,0.034,228.26,0.3,7.687
2013-06-14 14:04:45+05:30,50.18,-7.699,0.034,228.25,0.363,7.708
2013-06-14 14:04:46+05:30,50.19,-7.743,0.034,228.16,0.287,7.748
2013-06-14 14:04:47+05:30,50.19,-7.73,0.034,228.23,0.391,7.739
2013-06-14 14:04:48+05:30,50.18,-7.868,0.034,228.42,0.315,7.874
2013-06-14 14:04:49+05:30,50.17,-7.763,0.034,228.45,0.28,7.768
2013-06-14 14:04:50+05:30,50.17,-7.733,0.034,228.52,0.294,7.739
2013-06-14 14:04:51+05:30,50.17,-7.675,0.034,228.52,0.378,7.685
2013-06-14 14:04:52+05:30,50.17,-7.831,0.034,228.55,0.27,7.836
2013-06-14 14:04:53+05:30,50.17,-7.753,0.034,228.47,0.282,7.758
2013-06-14 14:04:54+05:30,50.17,-7.766,0.034,228.48,0.237,7.77
2013-06-14 14:04:55+05:30,50.19,-7.782,0.034,228.4,0.319,7.788
2013-06-14 14:04:56+05:30,50.18,-7.744,0.034,228.32,0.39,7.753
2013-06-14 14:04:57+05:30,50.18,-7.768,0.034,228.35,0.294,7.775
2013-06-14 14:04:58+05:30,50.17,-7.699,0.034,228.31,0.34,7.71
2013-06-14 14:04:59+05:30,50.16,-7.725,0.034,228.37,0.388,7.731
2013-06-14 14:05:00+05:30,50.18,-7.784,0.034,228.21,0.373,7.793
2013-06-14 14:05:01+05:30,50.18,-7.813,0.034,228.38,0.322,7.819
2013-06-14 14:05:02+05:30,50.18,-7.768,0.034,228.45,0.422,7.779
2013-06-14 14:05:03+05:30,50.18,-7.701,0.034,228.71,0.429,7.713
2013-06-14 14:05:04+05:30,50.18,-7.825,0.034,228.72,0.309,7.831
2013-06-14 14:05:05+05:30,50.17,-7.79,0.034,228.77,0.403,7.801
2013-06-14 14:05:06+05:30,50.18,-7.896,0.035,228.74,0.405,7.906
2013-06-14 14:05:07+05:30,50.19,-7.784,0.034,228.76,0.312,7.79
2013-06-14 14:05:08+05:30,50.18,-7.768,0.034,228.69,0.372,7.777
2013-06-14 14:05:09+05:30,50.18,-7.815,0.034,228.75,0.315,7.821
2013-06-14 14:05:10+05:30,50.19,-7.804,0.034,228.68,0.251,7.808
2013-06-14 14:05:11+05:30,50.19,-7.834,0.034,228.43,0.365,7.843
2013-06-14 14:05:13+05:30,50.19,-7.765,0.034,228.58,0.349,7.773
2013-06-14 14:05:14+05:30,50.2,-7.746,0.034,228.35,0.363,7.754
2013-06-14 14:05:15+05:30,50.19,-7.834,0.034,228.39,0.343,7.841
2013-06-14 14:05:16+05:30,50.2,-7.726,0.034,228.38,0.344,7.734
2013-06-14 14:05:17+05:30,50.19,-7.84,0.034,228.38,0.417,7.851
2013-06-14 14:05:18+05:30,50.17,-7.761,0.034,228.52,0.395,7.771
2013-06-14 14:05:19+05:30,50.17,-7.771,0.034,228.57,0.436,7.783
2013-06-14 14:05:20+05:30,50.17,-7.811,0.034,228.54,0.223,7.814
2013-06-14 14:05:21+05:30,50.19,-7.829,0.034,228.57,0.35,7.837
2013-06-14 14:05:22+05:30,50.16,-7.764,0.034,228.61,0.396,7.774
2013-06-14 14:05:23+05:30,50.17,-7.741,0.034,228.5,0.334,7.749
2013-06-14 14:05:24+05:30,50.17,-7.764,0.034,228.48,0.299,7.77
2013-06-14 14:05:25+05:30,50.15,-7.746,0.034,228.56,0.283,7.751
2013-06-14 14:05:26+05:30,50.17,-7.775,0.034,228.59,0.378,7.784
2013-06-14 14:05:27+05:30,50.15,-7.765,0.034,228.42,0.448,7.79
2013-06-14 14:05:28+05:30,50.18,-7.861,0.034,228.53,0.331,7.866
2013-06-14 14:05:29+05:30,50.15,-7.783,0.034,228.48,0.359,7.792
2013-06-14 14:05:30+05:30,50.18,-7.773,0.034,228.51,0.371,7.783
2013-06-14 14:05:31+05:30,50.15,-7.737,0.034,228.48,0.413,7.748
2013-06-14 14:05:32+05:30,50.17,-7.821,0.034,228.45,0.428,7.832
2013-06-14 14:05:33+05:30,50.17,-7.808,0.034,228.39,0.424,7.82
2013-06-14 14:05:34+05:30,50.15,-7.694,0.034,228.7,0.34,7.701
