T,F1,RP1,C1,V1,A1,AP1
2013-06-10 07:02:00+05:30,49.99,-29.054,0.758,189.08,140.439,143.413
2013-06-10 07:02:01+05:30,50.01,-29.332,0.781,189.24,144.859,147.799
2013-06-10 07:02:02+05:30,49.99,-29.215,0.792,189.02,146.755,149.634
2013-06-10 07:02:03+05:30,50,-29.237,0.782,189.21,145.091,148.007
2013-06-10 07:02:04+05:30,49.99,-29.457,0.786,189.09,145.709,148.657
2013-06-10 07:02:06+05:30,50.16,-31.438,0.878,233.1,202.306,204.734
2013-06-10 07:02:07+05:30,50.18,-31.11,0.884,232.98,203.658,206.02
2013-06-10 07:02:08+05:30,50.17,-98.502,0.533,234.09,76.634,124.801
2013-06-10 07:02:09+05:30,50.16,2.519,0.014,234.78,2.138,3.304
2013-06-10 07:02:10+05:30,50.18,2.497,0.014,234.68,2.203,3.329
2013-06-10 07:02:11+05:30,50.16,-32.932,0.966,232.83,222.423,224.847
2013-06-10 07:02:12+05:30,50.19,-32.416,0.961,232.88,221.376,223.737
2013-06-10 07:02:13+05:30,50.16,-31.841,0.947,232.91,218.181,220.492
2013-06-10 07:02:14+05:30,50.16,-31.621,0.932,232.84,214.771,217.086
2013-06-10 07:02:15+05:30,50.15,-103.243,0.59,234.07,91.782,138.141
2013-06-10 07:02:16+05:30,50.16,2.476,0.014,234.63,2.017,3.194
2013-06-10 07:02:17+05:30,50.16,-140.307,0.792,233.81,120.704,185.082
2013-06-10 07:02:18+05:30,50.16,-30.426,0.867,233.28,199.975,202.277
2013-06-10 07:02:19+05:30,50.17,-30.642,0.872,233.23,201.091,203.412
2013-06-10 07:02:20+05:30,50.18,-29.572,0.853,233.38,196.839,199.048
2013-06-10 07:02:21+05:30,50.16,-29.942,0.845,233.23,194.881,199.249
2013-06-10 07:02:22+05:30,50.17,-105.155,0.846,233.28,195.079,125.413
2013-06-10 07:02:23+05:30,50.17,2.489,0.014,234.84,2.173,3.304
2013-06-10 07:02:24+05:30,50.15,60.225,0.262,234.75,2.036,61.445
2013-06-10 07:02:25+05:30,50.13,-34.412,0.947,233.53,177.959,221.137
2013-06-10 07:02:26+05:30,50.16,-32.834,0.971,233.3,225.997,226.328
2013-06-10 07:02:27+05:30,50.15,-31.622,0.949,233.16,219.107,221.377
2013-06-10 07:02:28+05:30,50.16,-31.03,0.933,233.22,215.264,217.489
2013-06-10 07:02:29+05:30,50.14,-29.902,0.91,233.12,209.961,212.08
2013-06-10 07:02:30+05:30,50.14,-46.117,0.204,234.63,12.754,47.849
2013-06-10 07:02:31+05:30,50.17,2.412,0.013,234.64,2.051,3.166
2013-06-10 07:02:32+05:30,50.17,-98.736,0.954,233.21,199.372,222.481
2013-06-10 07:02:33+05:30,50.17,-31.584,0.897,233.15,206.662,209.061
2013-06-10 07:02:34+05:30,50.15,-30.489,0.872,233.19,200.95,203.25
2013-06-10 07:02:35+05:30,50.16,-30.224,0.871,233.28,200.998,203.257
2013-06-10 07:02:36+05:30,50.16,-30.11,0.871,233.35,200.971,203.214
2013-06-10 07:02:37+05:30,50.18,-28.907,0.849,233.26,196.011,198.131
2013-06-10 07:02:38+05:30,50.16,2.516,0.014,234.72,2.181,3.33
2013-06-10 07:02:43+05:30,50.18,2.464,0.014,234.73,2.119,3.25
2013-06-10 07:02:44+05:30,50.18,-34.039,0.987,233.1,227.587,230.118
2013-06-10 07:02:45+05:30,50.16,-33.757,1,232.97,230.51,232.968
2013-06-10 07:02:46+05:30,50.17,-32.485,0.975,233.2,225.035,227.367
2013-06-10 07:02:51+05:30,50.17,-31.837,0.948,233.07,218.585,220.891
2013-06-10 07:02:52+05:30,50.16,-31.164,0.937,233.09,216.06,218.296
2013-06-10 07:02:53+05:30,50.18,-30.955,0.936,233.18,216.118,218.324
2013-06-10 07:02:54+05:30,50.19,-30.193,0.913,233.07,210.575,212.729
2013-06-10 07:02:55+05:30,50.18,-101.433,0.749,233.73,142.741,175.11
2013-06-10 07:02:56+05:30,50.18,2.546,0.014,234.75,2.147,3.33
2013-06-10 07:02:57+05:30,50.16,-139.761,0.795,233.91,122.638,185.938
2013-06-10 07:02:58+05:30,50.18,-32.415,0.91,233.36,209.806,212.295
2013-06-10 07:02:59+05:30,50.18,-32.116,0.872,232.95,200.633,203.187
2013-06-10 07:03:00+05:30,50.18,-29.838,0.856,233.22,197.402,199.644
2013-06-10 07:03:01+05:30,50.2,-32.233,0.88,233.16,202.553,205.102
2013-06-10 07:03:02+05:30,50.21,24.589,0.107,234.71,5.321,25.158
2013-06-10 07:03:03+05:30,50.19,2.496,0.014,234.65,2.121,3.275
2013-06-10 07:03:04+05:30,50.18,2.444,0.014,234.84,2.144,3.251
2013-06-10 07:03:05+05:30,50.2,-33.31,0.978,232.83,225.254,227.704
2013-06-10 07:03:06+05:30,50.2,-33.602,0.98,232.74,225.625,228.113
2013-06-10 07:03:07+05:30,50.19,-32.695,0.964,232.92,222.043,224.437
2013-06-10 07:03:08+05:30,50.19,-31.965,0.944,232.78,217.319,219.657
2013-06-10 07:03:09+05:30,50.21,-31.476,0.931,232.92,214.527,216.824
2013-06-10 07:03:10+05:30,50.19,-33.305,0.962,232.75,221.477,223.967
2013-06-10 07:03:11+05:30,50.19,-31.384,0.932,232.82,214.71,216.991
2013-06-10 07:03:12+05:30,50.19,-31.903,0.934,232.87,215.031,217.385
2013-06-10 07:03:13+05:30,50.19,-30.363,0.915,232.86,210.914,213.088
2013-06-10 07:03:14+05:30,50.19,-29.904,0.908,232.92,209.401,211.525
2013-06-10 07:03:15+05:30,50.19,-31.838,0.94,233.04,216.619,218.946
2013-06-10 07:03:16+05:30,50.2,-31.398,0.925,232.97,213.157,215.457
2013-06-10 07:03:17+05:30,50.19,-31.982,0.934,232.97,215.263,217.626
2013-06-10 07:03:18+05:30,50.18,-31.277,0.919,233.07,211.914,214.209
2013-06-10 07:03:19+05:30,50.19,-30.96,0.909,232.9,209.53,211.805
2013-06-10 07:03:20+05:30,50.2,-30.533,0.907,232.92,209.106,211.324
2013-06-10 07:03:21+05:30,50.2,-30.268,0.902,232.97,208.056,208.956
2013-06-10 07:03:22+05:30,50.2,-29.028,0.888,232.9,204.81,209.44
2013-06-10 07:03:23+05:30,50.2,-29.43,0.895,232.99,206.418,207.378
2013-06-10 07:03:24+05:30,50.2,-28.803,0.888,232.88,207.317,206.731
2013-06-10 07:03:25+05:30,50.2,-29.518,0.898,232.95,204.292,209.209
2013-06-10 07:03:26+05:30,50.16,-29.858,0.902,233.01,204.002,210.042
2013-06-10 07:03:27+05:30,50.18,-30.772,0.907,232.88,208.178,211.254
2013-06-10 07:03:28+05:30,50.19,-30.578,0.913,232.99,210.422,212.632
2013-06-10 07:03:29+05:30,50.19,-30.01,0.911,233.06,210.23,212.361
2013-06-10 07:03:30+05:30,50.18,-29.873,0.903,233.04,208.303,210.434
2013-06-10 07:03:31+05:30,50.19,-31.097,0.922,233.17,212.789,215.049
2013-06-10 07:03:32+05:30,50.19,-29.878,0.907,233.05,209.237,211.359
2013-06-10 07:03:33+05:30,50.19,-30.693,0.92,233.1,212.248,214.456
2013-06-10 07:03:34+05:30,50.19,-29.383,0.908,233.22,209.605,211.655
2013-06-10 07:03:35+05:30,50.2,-30.065,0.915,233.03,211.018,213.15
2013-06-10 07:03:36+05:30,50.19,-29.946,0.913,233.19,210.707,212.825
2013-06-10 07:03:37+05:30,50.18,-30.43,0.915,233.26,211.368,213.547
2013-06-10 07:03:38+05:30,50.18,-30.39,0.913,233.25,210.773,212.953
2013-06-10 07:03:39+05:30,50.19,-30.862,0.914,233.25,211.047,213.292
2013-06-10 07:03:40+05:30,50.17,-30.875,0.929,233.53,214.719,216.928
2013-06-10 07:03:41+05:30,50.2,-31.085,0.916,233.36,211.417,213.69
2013-06-10 07:03:50+05:30,50.19,-30.719,0.91,233.33,210.119,212.352
2013-06-10 07:03:51+05:30,50.2,-31.973,0.935,233.29,215.82,218.175
2013-06-10 07:03:52+05:30,50.21,-31.761,0.917,233.23,211.391,213.764
2013-06-10 07:03:53+05:30,50.19,-29.473,0.904,233.33,208.811,210.881
2013-06-10 07:03:54+05:30,50.2,-31.712,0.908,233.17,209.415,211.802
2013-06-10 07:03:57+05:30,50.19,-31.488,0.917,233.34,211.565,213.896
2013-06-10 07:03:58+05:30,50.18,-31.673,0.91,233.18,209.893,212.269
2013-06-10 07:03:59+05:30,50.18,-30.954,0.903,232.95,207.973,210.264
2013-06-10 07:04:00+05:30,50.19,-32.615,0.928,232.96,213.602,216.078
2013-06-10 07:04:01+05:30,50.18,-29.605,0.898,232.95,207.141,209.246
2013-06-10 07:04:02+05:30,50.17,-29.459,0.904,233.01,208.671,210.74
2013-06-10 07:04:03+05:30,50.18,-31.082,0.907,231.66,207.837,210.149
2013-06-10 07:04:04+05:30,50.18,-32.408,0.929,232.1,213.177,215.626
2013-06-10 07:04:05+05:30,50.18,-31.59,0.955,232.03,219.358,221.621
2013-06-10 07:04:06+05:30,50.19,-29.769,0.906,231.91,207.894,210.015
2013-06-10 07:04:07+05:30,50.18,-30.368,0.928,231.88,213.056,215.209
2013-06-10 07:04:08+05:30,50.18,-29.754,0.905,232.05,207.909,210.027
2013-06-10 07:04:09+05:30,50.18,-28.944,0.902,231.97,207.145,209.157
2013-06-10 07:04:10+05:30,50.21,-28.998,0.903,232.06,207.604,209.619
2013-06-10 07:04:11+05:30,50.19,-28.15,0.888,231.99,203.99,205.923
2013-06-10 07:04:12+05:30,50.2,-26.649,0.868,232.04,199.53,201.302
2013-06-10 07:04:13+05:30,50.16,-26.636,0.868,232.21,199.677,201.446
2013-06-10 07:04:14+05:30,50.19,-26.458,0.866,232.04,199.136,200.886
2013-06-10 07:04:15+05:30,50.19,-26.933,0.868,232.1,199.692,201.5
2013-06-10 07:04:16+05:30,50.21,-26.25,0.86,232.15,197.882,199.616
2013-06-10 07:04:17+05:30,50.18,-26.708,0.866,232.05,199.266,201.048
2013-06-10 07:04:18+05:30,50.2,-27.332,0.882,232,202.763,204.597
2013-06-10 07:04:19+05:30,50.2,-27.783,0.891,232.01,204.84,206.716
2013-06-10 07:04:20+05:30,50.18,-28.862,0.889,231.96,204.257,206.286
2013-06-10 07:04:21+05:30,50.2,-28.758,0.9,232.01,206.794,208.784
2013-06-10 07:04:22+05:30,50.19,-29.761,0.918,231.97,210.96,213.283
2013-06-10 07:04:23+05:30,50.2,-29.9,0.907,232.01,208.461,215.047
2013-06-10 07:04:24+05:30,50.2,-29.721,0.915,232.07,218.325,212.411
2013-06-10 07:04:25+05:30,50.19,-29.757,0.914,231.98,217.127,212.067
2013-06-10 07:04:26+05:30,50.19,-28.478,0.895,232.16,210.195,207.801
2013-06-10 07:04:27+05:30,50.19,-29.379,0.911,232.27,208.491,211.516
2013-06-10 07:04:28+05:30,50.18,-30.461,0.916,232.11,210.399,212.592
2013-06-10 07:04:29+05:30,50.2,-30.923,0.93,232.12,213.599,215.825
2013-06-10 07:04:30+05:30,50.23,-25.885,0.859,232.15,197.775,199.461
2013-06-10 07:04:31+05:30,50.21,-28.506,0.894,232.21,205.714,207.68
2013-06-10 07:04:32+05:30,50.2,-31.043,0.944,232.23,217.021,219.23
2013-06-10 07:04:33+05:30,50.23,-29.766,0.928,232.2,213.37,215.436
2013-06-10 07:04:34+05:30,50.21,-30.117,0.915,232.22,210.429,212.573
2013-06-10 07:04:35+05:30,50.22,-30.226,0.913,232.3,210.023,212.187
2013-06-10 07:04:36+05:30,50.23,-30.383,0.911,232.23,209.479,211.671
2013-06-10 07:04:37+05:30,50.23,-29.787,0.904,232.29,207.906,210.029
2013-06-10 07:04:38+05:30,50.21,-29.59,0.902,232.28,207.464,209.564
2013-06-10 07:04:39+05:30,50.23,-29.356,0.898,232.33,206.597,208.672
2013-06-10 07:04:40+05:30,50.22,-29.991,0.905,232.41,208.126,210.276
2013-06-10 07:04:41+05:30,50.21,-29.049,0.896,232.33,206.158,208.194
2013-06-10 07:04:42+05:30,50.22,-27.332,0.872,232.43,200.836,202.687
2013-06-10 07:04:43+05:30,50.23,-28.303,0.878,232.4,202.141,204.113
2013-06-10 07:04:45+05:30,50.2,-29.07,0.886,232.38,203.938,206
2013-06-10 07:04:46+05:30,50.21,-28.507,0.879,232.42,202.191,204.19
2013-06-10 07:04:47+05:30,50.21,-27.553,0.873,232.41,201.073,202.952
2013-06-10 07:04:48+05:30,50.21,-27.578,0.875,232.23,201.26,203.141
2013-06-10 07:04:49+05:30,50.22,-28.082,0.882,232.39,203.014,204.947
2013-06-10 07:04:50+05:30,50.23,-28.27,0.882,232.36,202.963,204.922
2013-06-10 07:04:51+05:30,50.23,-27.627,0.874,232.41,201.2,203.088
2013-06-10 07:04:52+05:30,50.21,-28.399,0.883,232.44,203.232,205.206
2013-06-10 07:04:53+05:30,50.21,-28.169,0.88,232.42,202.623,204.572
2013-06-10 07:04:54+05:30,50.21,-27.352,0.873,232.44,200.951,202.804
2013-06-10 07:04:55+05:30,50.23,-27.819,0.875,232.31,201.267,203.18
2013-06-10 07:04:56+05:30,50.23,-27.641,0.875,232.32,201.478,203.365
2013-06-10 07:04:57+05:30,50.21,-27.11,0.871,232.42,200.503,202.328
2013-06-10 07:04:58+05:30,50.22,-27.408,0.874,232.37,201.306,203.163
2013-06-10 07:04:59+05:30,50.24,-28.18,0.879,232.23,202.078,204.034
2013-06-10 07:05:00+05:30,50.21,-27.979,0.88,232.37,202.54,204.463
2013-06-10 07:05:01+05:30,50.21,-26.673,0.868,232.27,199.812,201.585
2013-06-10 07:05:02+05:30,50.21,-28.122,0.887,232.23,204.055,205.984
2013-06-10 07:05:03+05:30,50.22,-28.78,0.894,232.25,205.673,207.677
2013-06-10 07:05:04+05:30,50.21,-29.484,0.903,232.16,207.439,209.524
2013-06-10 07:05:05+05:30,50.22,-30.199,0.917,232.22,210.809,212.961
2013-06-10 07:05:06+05:30,50.21,-28.474,0.899,232.12,206.698,208.651
2013-06-10 07:05:07+05:30,50.21,-28.388,0.893,232.15,205.419,207.371
2013-06-10 07:05:08+05:30,50.2,-29.443,0.895,232.37,205.786,207.882
2013-06-10 07:05:09+05:30,50.21,-28.987,0.886,231.72,203.272,205.329
2013-06-10 07:05:10+05:30,50.2,-28.909,0.893,232.06,205.236,207.262
2013-06-10 07:05:11+05:30,50.19,-28.775,0.887,232.11,203.822,205.843
2013-06-10 07:05:12+05:30,50.21,-29.291,0.894,231.87,205.128,207.208
2013-06-10 07:05:13+05:30,50.2,-28.217,0.884,231.9,203.131,205.081
2013-06-10 07:05:14+05:30,50.2,-30.121,0.909,231.95,208.595,210.759
2013-06-10 07:05:15+05:30,50.21,-30.359,0.901,231.84,206.686,208.903
2013-06-10 07:05:16+05:30,50.2,-28.886,0.888,232.01,203.917,205.953
2013-06-10 07:05:17+05:30,50.21,-28.553,0.884,231.85,203.002,205
2013-06-10 07:05:18+05:30,50.18,-30.977,0.899,231.87,206.157,208.471
2013-06-10 07:05:19+05:30,50.19,-29.213,0.886,231.92,203.325,205.413
2013-06-10 07:05:20+05:30,50.2,-28.503,0.881,231.8,202.142,204.141
2013-06-10 07:05:21+05:30,50.18,-29.398,0.896,231.8,205.638,207.729
2013-06-10 07:05:22+05:30,50.19,-29.153,0.896,231.78,205.602,207.658
2013-06-10 07:05:23+05:30,50.2,-29.201,0.89,231.66,204.205,207.154
2013-06-10 07:05:24+05:30,50.19,-28.39,0.895,231.59,205.165,208.153
2013-06-10 07:05:25+05:30,50.19,-28.306,0.898,231.72,206.494,208.057
2013-06-10 07:05:26+05:30,50.18,-28.602,0.907,231.53,210.748,210.001
2013-06-10 07:05:27+05:30,50.2,-27.81,0.893,231.6,206.441,206.767
2013-06-10 07:05:28+05:30,50.19,-29.147,0.918,231.51,208.826,212.418
2013-06-10 07:05:29+05:30,50.2,-29.382,0.923,231.47,211.52,213.551
2013-06-10 07:05:30+05:30,50.2,-30.621,0.947,231.53,217.08,219.229
2013-06-10 07:05:31+05:30,50.19,-31.385,0.966,231.38,221.308,223.523
2013-06-10 07:05:32+05:30,50.19,-32.095,0.997,231.47,228.598,230.84
2013-06-10 07:05:33+05:30,50.19,-32.475,1.003,231.45,229.79,232.073
2013-06-10 07:05:34+05:30,50.19,-31.084,0.95,231.6,217.845,220.052
2013-06-10 07:05:35+05:30,50.21,-31.729,0.965,231.57,221.227,223.491
2013-06-10 07:05:36+05:30,50.19,-31.205,0.951,231.6,218.093,220.314
2013-06-10 07:05:37+05:30,50.18,-31.343,0.958,231.62,219.77,221.994
2013-06-10 07:05:38+05:30,50.2,-30.692,0.954,231.69,218.963,221.103
2013-06-10 07:05:39+05:30,50.18,-29.509,0.929,231.31,212.856,214.892
2013-06-10 07:05:40+05:30,50.19,-29.319,0.919,231.39,210.704,212.734
2013-06-10 07:05:42+05:30,50.19,-29.893,0.934,231.55,214.212,216.288
2013-06-10 07:05:43+05:30,50.2,-30.6,0.942,231.3,215.641,217.801
2013-06-10 07:05:44+05:30,50.18,-29.748,0.932,231.46,213.583,215.644
2013-06-10 07:05:45+05:30,50.19,-31.258,0.966,231.28,221.246,223.443
2013-06-10 07:05:46+05:30,50.19,-30.542,0.954,231.4,218.553,220.676
2013-06-10 07:05:48+05:30,50.18,-30.908,0.961,231.37,220.151,222.31
2013-06-10 07:05:49+05:30,50.19,-30.77,0.942,231.29,215.775,217.958
2013-06-10 07:05:50+05:30,50.2,-30.021,0.939,231.38,215.255,217.338
2013-06-10 07:05:51+05:30,50.19,-29.157,0.926,231.42,212.273,214.267
2013-06-10 07:05:52+05:30,50.18,-28.864,0.919,231.36,210.665,212.633
2013-06-10 07:05:53+05:30,50.19,-29.943,0.931,231.28,213.344,215.435
2013-06-10 07:05:54+05:30,50.2,-30.102,0.93,231.4,213.009,215.126
2013-06-10 07:05:55+05:30,50.17,-30.022,0.934,231.26,213.845,215.942
2013-06-10 07:05:56+05:30,50.2,-30.15,0.934,231.28,213.919,216.033
2013-06-10 07:05:57+05:30,50.18,-29.195,0.923,231.47,211.741,213.744
2013-06-10 07:05:58+05:30,50.16,-28.881,0.916,231.53,210.164,212.139
2013-06-10 07:05:59+05:30,50.16,-28.008,0.902,231.57,207.072,208.957
2013-06-10 07:06:00+05:30,50.18,-27.874,0.899,231.63,206.401,208.274
2013-06-10 07:06:01+05:30,50.19,-28.465,0.903,231.47,206.956,208.905
2013-06-10 07:06:02+05:30,50.17,-28.396,0.911,231.81,209.225,211.143
2013-06-10 07:06:03+05:30,50.17,-29.352,0.919,231.77,211.058,213.089
2013-06-10 07:06:04+05:30,50.18,-28.407,0.905,231.65,207.731,209.665
2013-06-10 07:06:05+05:30,50.17,-28.509,0.912,231.65,209.295,211.228
2013-06-10 07:06:06+05:30,50.16,-28.027,0.903,231.89,207.554,209.438
2013-06-10 07:06:07+05:30,50.16,-28.279,0.897,231.73,206.009,207.941
2013-06-10 07:06:08+05:30,50.17,-27.717,0.89,231.77,204.442,206.312
2013-06-10 07:06:09+05:30,50.16,-27.593,0.9,231.83,206.783,208.616
2013-06-10 07:06:10+05:30,50.16,-29.453,0.919,231.78,211.021,213.066
2013-06-10 07:06:11+05:30,50.16,-28.055,0.905,231.79,207.984,209.867
2013-06-10 07:06:12+05:30,50.17,-27.961,0.903,231.76,207.297,209.175
2013-06-10 07:06:13+05:30,50.16,-29.128,0.901,231.64,206.679,208.722
2013-06-10 07:06:14+05:30,50.16,-29.056,0.909,231.72,208.732,210.745
2013-06-10 07:06:15+05:30,50.17,-28.011,0.892,231.39,204.44,206.35
2013-06-10 07:06:16+05:30,50.17,-28.433,0.901,231.35,206.484,208.432
2013-06-10 07:06:17+05:30,50.16,-29.63,0.919,231.4,210.625,212.699
2013-06-10 07:06:18+05:30,50.16,-29.233,0.921,231.37,210.994,213.009
2013-06-10 07:06:19+05:30,50.12,-27.145,0.892,231.36,204.696,206.488
2013-06-10 07:06:20+05:30,50.14,-27.333,0.894,231.61,205.139,206.952
2013-06-10 07:06:21+05:30,50.16,-27.368,0.891,231.48,204.496,206.319
2013-06-10 07:06:22+05:30,50.16,-26.846,0.886,231.58,203.409,205.173
2013-06-10 07:06:23+05:30,50.16,-26.459,0.884,231.56,202.929,204.739
2013-06-10 07:06:24+05:30,50.17,-27.616,0.898,231.48,206.066,207.526
2013-06-10 07:06:25+05:30,50.15,-29.693,0.916,231.51,207.008,212.071
2013-06-10 07:06:26+05:30,50.13,-29.229,0.916,231.45,212.798,212.148
2013-06-10 07:06:27+05:30,50.16,-27.5,0.897,231.48,208.821,207.669
2013-06-10 07:06:28+05:30,50.15,-27.586,0.898,231.6,206.88,207.776
2013-06-10 07:06:29+05:30,50.15,-27.304,0.894,231.47,205.01,206.821
2013-06-10 07:06:30+05:30,50.15,-27.13,0.89,231.45,204.111,205.906
2013-06-10 07:06:31+05:30,50.16,-27.133,0.888,231.4,203.595,205.395
2013-06-10 07:06:32+05:30,50.16,-27.539,0.891,231.49,204.33,206.177
2013-06-10 07:06:33+05:30,50.16,-27.46,0.889,231.56,204.047,205.887
2013-06-10 07:06:34+05:30,50.16,-27.572,0.891,231.56,204.487,206.337
2013-06-10 07:06:35+05:30,50.16,-27.411,0.892,231.61,204.692,206.519
2013-06-10 07:06:36+05:30,50.14,-26.336,0.877,231.78,201.649,203.361
2013-06-10 07:06:37+05:30,50.14,-27.523,0.902,231.45,206.945,208.767
2013-06-10 07:06:38+05:30,50.14,-26.563,0.888,231.79,204.105,205.826
2013-06-10 07:06:39+05:30,50.14,-25.45,0.87,231.78,200.116,201.728
2013-06-10 07:06:55+05:30,50.14,-25.813,0.875,231.58,201.087,202.737
2013-06-10 07:06:56+05:30,50.13,-25.985,0.881,231.62,202.283,203.946
2013-06-10 07:06:57+05:30,50.13,-27.511,0.903,231.57,207.398,209.215
2013-06-10 07:06:58+05:30,50.13,-27.884,0.905,231.56,207.664,209.528
2013-06-10 07:07:00+05:30,50.13,-27.625,0.895,231.6,205.484,207.332
2013-06-10 07:07:01+05:30,50.14,-27.357,0.882,231.54,202.314,204.156
2013-06-10 07:07:02+05:30,50.11,-26.511,0.873,231.61,200.501,202.246
2013-06-10 07:07:03+05:30,50.13,-26.276,0.868,231.72,199.311,201.035
2013-06-10 07:07:04+05:30,50.11,-25.841,0.862,231.58,197.924,199.604
2013-06-10 07:07:05+05:30,50.13,-25.964,0.863,231.6,198.28,199.973
2013-06-10 07:07:06+05:30,50.12,-26.502,0.87,231.68,199.869,201.619
2013-06-10 07:07:07+05:30,50.15,-26.068,0.87,231.69,199.929,201.621
2013-06-10 07:07:08+05:30,50.13,-26.13,0.872,231.7,200.411,202.108
2013-06-10 07:07:09+05:30,50.12,-25.248,0.861,231.75,198.026,199.629
2013-06-10 07:07:10+05:30,50.13,-26.229,0.875,231.62,201.035,202.739
2013-06-10 07:07:11+05:30,50.13,-26.064,0.872,231.68,200.228,201.917
2013-06-10 07:07:12+05:30,50.13,-25.849,0.869,231.63,199.607,201.274
2013-06-10 07:07:13+05:30,50.14,-25.943,0.877,231.5,201.444,203.107
2013-06-10 07:07:14+05:30,50.12,-26.73,0.884,231.69,203.006,204.758
2013-06-10 07:07:15+05:30,50.12,-26.62,0.891,231.51,204.494,206.219
2013-06-10 07:07:16+05:30,50.13,-28.185,0.91,231.59,208.796,210.69
2013-06-10 07:07:17+05:30,50.13,-27.645,0.903,231.69,207.453,209.287
2013-06-10 07:07:18+05:30,50.13,-26.68,0.888,231.58,203.845,205.584
2013-06-10 07:07:19+05:30,50.13,-27.497,0.899,231.64,206.37,208.194
2013-06-10 07:07:20+05:30,50.13,-26.853,0.893,231.78,205.296,207.044
2013-06-10 07:07:21+05:30,50.14,-25.69,0.87,231.7,199.975,201.618
2013-06-10 07:07:22+05:30,50.13,-26.433,0.889,231.9,204.407,206.109
2013-06-10 07:07:23+05:30,50.12,-26.723,0.895,232.07,205.87,207.248
2013-06-10 07:07:24+05:30,50.12,-26.763,0.897,231.98,206.429,208.942
2013-06-10 07:07:25+05:30,50.1,-26.344,0.889,232.04,204.606,205.989
2013-06-10 07:07:26+05:30,50.1,-26.448,0.892,232.09,205.191,206.847
2013-06-10 07:07:27+05:30,50.12,-26.113,0.887,231.97,204.712,205.703
2013-06-10 07:07:28+05:30,50.12,-26.792,0.897,231.95,207.531,208.214
2013-06-10 07:07:29+05:30,50.13,-28.993,0.915,232.24,210.386,212.374
2013-06-10 07:07:30+05:30,50.1,-27.799,0.914,232,210.222,212.052
2013-06-10 07:07:31+05:30,50.12,-27.517,0.912,232.05,209.809,211.606
2013-06-10 07:07:32+05:30,50.13,-27.626,0.912,231.9,209.768,211.58
2013-06-10 07:07:33+05:30,50.1,-27.214,0.902,232,207.42,209.198
2013-06-10 07:07:34+05:30,50.12,-25.965,0.883,232.08,203.381,205.031
2013-06-10 07:07:35+05:30,50.1,-26.031,0.884,231.96,203.482,205.14
2013-06-10 07:07:36+05:30,50.12,-26.681,0.893,231.91,205.313,207.039
2013-06-10 07:07:37+05:30,50.14,-26.92,0.891,231.99,204.857,206.618
2013-06-10 07:07:38+05:30,50.11,-27.192,0.903,231.9,207.738,209.51
2013-06-10 07:07:39+05:30,50.11,-26.884,0.9,232,207.079,208.817
2013-06-10 07:07:40+05:30,50.13,-27.076,0.904,231.83,207.785,209.541
2013-06-10 07:07:49+05:30,50.12,-26.725,0.897,231.75,206.216,207.941
2013-06-10 07:07:50+05:30,50.13,-26.518,0.892,231.99,205.116,206.823
2013-06-10 07:07:51+05:30,50.12,-26.34,0.891,231.84,204.928,206.614
2013-06-10 07:07:52+05:30,50.12,-26.234,0.892,231.81,205.083,206.754
2013-06-10 07:07:53+05:30,50.09,-26.583,0.89,231.64,204.508,206.229
2013-06-10 07:07:54+05:30,50.1,-26.289,0.889,231.7,204.264,205.949
2013-06-10 07:07:55+05:30,50.11,-26.208,0.888,231.72,204.101,205.777
2013-06-10 07:07:56+05:30,50.1,-26.474,0.889,231.78,204.239,205.948
2013-06-10 07:07:57+05:30,50.12,-25.99,0.887,231.69,203.787,205.438
2013-06-10 07:07:58+05:30,50.11,-25.966,0.879,231.65,201.879,203.542
2013-06-10 07:07:59+05:30,50.1,-25.836,0.882,231.66,202.671,204.311
2013-06-10 07:08:00+05:30,50.12,-25.817,0.878,231.78,201.948,203.592
2013-06-10 07:08:01+05:30,50.08,-25.612,0.874,231.79,200.953,202.578
2013-06-10 07:08:02+05:30,50.09,-25.95,0.882,231.72,202.621,204.276
2013-06-10 07:08:03+05:30,50.12,-26.561,0.883,231.72,202.892,204.623
2013-06-10 07:08:04+05:30,50.11,-27.951,0.927,231.8,213.091,214.916
2013-06-10 07:08:05+05:30,50.12,-27.805,0.916,231.66,210.288,212.119
2013-06-10 07:08:06+05:30,50.1,-26.136,0.89,231.66,204.559,206.222
2013-06-10 07:08:07+05:30,50.12,-26.423,0.892,231.72,205.06,206.755
2013-06-10 07:08:08+05:30,50.1,-27.106,0.891,231.56,204.486,206.275
2013-06-10 07:08:09+05:30,50.11,-28.056,0.909,231.57,208.568,210.446
2013-06-10 07:08:10+05:30,50.12,-25.968,0.887,231.67,203.96,205.606
2013-06-10 07:08:11+05:30,50.12,-25.223,0.875,231.58,201.027,202.603
2013-06-10 07:08:12+05:30,50.12,-25.174,0.878,232.31,202.506,204.065
2013-06-10 07:08:13+05:30,50.11,-24.98,0.875,232.43,201.816,203.356
2013-06-10 07:08:14+05:30,50.13,-25.123,0.877,232.31,202.247,203.801
2013-06-10 07:08:15+05:30,50.11,-25.513,0.881,232.32,203.072,204.668
2013-06-10 07:08:16+05:30,50.11,-25.964,0.883,232.39,203.478,205.128
2013-06-10 07:08:17+05:30,50.11,-25.572,0.883,232.39,203.496,205.096
2013-06-10 07:08:18+05:30,50.12,-25.613,0.882,232.55,203.595,205.2
2013-06-10 07:08:19+05:30,50.12,-26.053,0.895,232.39,206.329,207.967
2013-06-10 07:08:20+05:30,50.11,-25.61,0.887,232.4,204.543,206.14
2013-06-10 07:08:21+05:30,50.1,-25.576,0.885,232.52,204.146,205.742
2013-06-10 07:08:22+05:30,50.11,-25.515,0.887,232.33,204.602,206.186
2013-06-10 07:08:23+05:30,50.11,-25.699,0.888,232.46,204.779,206.385
2013-06-10 07:08:24+05:30,50.09,-25.938,0.895,232.44,206.521,209.441
2013-06-10 07:08:25+05:30,50.08,-27.03,0.907,232.32,209.116,211.784
2013-06-10 07:08:26+05:30,50.11,-26.251,0.899,232.31,209.798,208.872
2013-06-10 07:08:27+05:30,50.11,-25.991,0.887,232.3,206.393,206.071
2013-06-10 07:08:28+05:30,50.11,-25.326,0.88,232.33,201.257,204.464
2013-06-10 07:08:29+05:30,50.09,-25.434,0.881,232.3,203.387,204.655
2013-06-10 07:08:30+05:30,50.09,-25.692,0.885,232.2,203.803,205.416
2013-06-10 07:08:31+05:30,50.1,-25.817,0.892,232.32,205.597,207.211
2013-06-10 07:08:32+05:30,50.09,-25.992,0.895,232.41,206.292,207.923
2013-06-10 07:08:33+05:30,50.1,-25.446,0.883,232.26,203.519,205.104
2013-06-10 07:08:34+05:30,50.1,-26.249,0.901,232.33,207.598,209.251
2013-06-10 07:08:35+05:30,50.1,-26.966,0.908,232.16,208.998,210.73
2013-06-10 07:08:36+05:30,50.1,-27.708,0.923,232.27,212.53,214.329
2013-06-10 07:08:37+05:30,50.1,-28.777,0.934,232.27,215.091,217.008
2013-06-10 07:08:38+05:30,50.11,-27.867,0.917,232.19,211.158,212.989
2013-06-10 07:08:39+05:30,50.11,-26.494,0.891,232.29,205.262,206.964
2013-06-10 07:08:40+05:30,50.1,-27.225,0.902,232.33,207.721,209.497
2013-06-10 07:08:41+05:30,50.08,-26.906,0.897,232.37,206.753,208.496
2013-06-10 07:08:42+05:30,50.09,-26.111,0.891,232.27,205.23,206.884
2013-06-10 07:08:43+05:30,50.12,-26.935,0.902,232.34,207.752,209.491
2013-06-10 07:08:44+05:30,50.1,-25.747,0.891,232.24,205.219,206.828
2013-06-10 07:08:45+05:30,50.1,-25.459,0.883,232.26,203.475,205.061
2013-06-10 07:08:46+05:30,50.1,-25.721,0.883,232.24,203.555,205.174
2013-06-10 07:08:47+05:30,50.09,-25.346,0.879,232.26,202.556,204.136
2013-06-10 07:08:50+05:30,50.1,-25.524,0.883,232.23,203.398,204.993
2013-06-10 07:08:51+05:30,50.11,-26.653,0.889,232.19,204.764,206.492
2013-06-10 07:08:52+05:30,50.11,-26.068,0.886,232.17,203.969,205.628
2013-06-10 07:08:53+05:30,50.09,-26.407,0.886,231.71,203.539,205.245
2013-06-10 07:08:54+05:30,50.1,-27.066,0.906,232.1,208.495,210.244
2013-06-10 07:08:55+05:30,50.1,-26.229,0.893,232.21,205.623,207.289
2013-06-10 07:08:56+05:30,50.1,-27.196,0.909,231.87,208.933,210.696
2013-06-10 07:08:57+05:30,50.11,-28.809,0.932,231.87,214.146,216.076
2013-06-10 07:08:58+05:30,50.08,-28.116,0.916,231.76,210.366,212.236
2013-06-10 07:08:59+05:30,50.07,-27.798,0.927,231.99,213.246,215.05
2013-06-10 07:09:00+05:30,50.09,-25.635,0.887,232.01,204.092,205.695
2013-06-10 07:09:01+05:30,50.1,-24.005,0.862,231.98,198.518,199.964
2013-06-10 07:09:02+05:30,50.09,-28.334,0.916,231.97,210.601,212.499
2013-06-10 07:09:03+05:30,50.08,-25.78,0.89,231.93,204.773,206.389
2013-06-10 07:09:04+05:30,50.1,-24.759,0.875,231.88,201.307,202.823
2013-06-10 07:09:05+05:30,50.08,-25.139,0.882,232.01,202.97,204.521
2013-06-10 07:09:06+05:30,50.09,-25.931,0.896,231.81,206.035,207.661
2013-06-10 07:09:07+05:30,50.07,-25.689,0.892,232.66,206.022,207.617
2013-06-10 07:09:08+05:30,50.06,-25.855,0.895,232.61,206.674,208.285
2013-06-10 07:09:09+05:30,50.06,-25.782,0.893,232.51,206.106,207.712
2013-06-10 07:09:10+05:30,50.08,-26.067,0.896,232.48,206.606,208.244
2013-06-10 07:09:11+05:30,50.05,-25.99,0.892,232.61,205.97,207.604
2013-06-10 07:09:12+05:30,50.05,-25.283,0.882,232.52,203.611,205.174
2013-06-10 07:09:13+05:30,50.07,-25.402,0.882,232.62,203.633,205.211
2013-06-10 07:09:14+05:30,50.06,-25.142,0.877,232.2,202.179,203.736
2013-06-10 07:09:15+05:30,50.07,-25.349,0.884,232.14,203.523,205.096
2013-06-10 07:09:16+05:30,50.08,-25.566,0.89,232.24,205.003,206.591
2013-06-10 07:09:17+05:30,50.07,-25.534,0.89,232.18,204.946,206.53
2013-06-10 07:09:18+05:30,50.08,-25.461,0.887,232.08,204.303,205.884
2013-06-10 07:09:19+05:30,50.06,-25.562,0.891,232.28,205.444,207.028
2013-06-10 07:09:20+05:30,50.06,-25.918,0.888,232.18,204.514,206.15
2013-06-10 07:09:21+05:30,50.07,-26.609,0.894,232.18,205.896,207.609
2013-06-10 07:09:22+05:30,50.06,-25.902,0.895,232.3,206.288,207.907
2013-06-10 07:09:23+05:30,50.06,-26.696,0.915,232.13,210.626,212.311
2013-06-10 07:09:24+05:30,50.07,-25.848,0.895,232.02,206.042,207.657
2013-06-10 07:09:25+05:30,50.05,-25.908,0.896,231.97,206.169,205.987
2013-06-10 07:09:26+05:30,50.06,-25.814,0.884,231.88,203.536,205.68
2013-06-10 07:09:27+05:30,50.05,-25.537,0.884,231.82,203.278,205.065
2013-06-10 07:09:28+05:30,50.07,-24.725,0.873,231.76,202.338,202.441
2013-06-10 07:09:29+05:30,50.05,-24.799,0.869,231.73,201.974,201.26
2013-06-10 07:09:30+05:30,50.05,-27.237,0.914,231.77,203.869,211.783
2013-06-10 07:09:31+05:30,50.05,-27.083,0.903,231.63,207.416,209.177
2013-06-10 07:09:32+05:30,50.04,-25.842,0.886,231.52,203.536,205.17
2013-06-10 07:09:33+05:30,50.05,-25.327,0.883,231.54,202.855,204.43
2013-06-10 07:09:34+05:30,50.06,-25.155,0.883,231.54,202.797,204.352
2013-06-10 07:09:35+05:30,50.04,-25.263,0.885,231.64,203.554,205.115
2013-06-10 07:09:36+05:30,50.04,-25.187,0.885,231.56,203.289,204.843
2013-06-10 07:11:52+05:30,50.05,-25.327,0.883,231.54,202.855,204.43
2013-06-10 07:11:53+05:30,50.06,-25.155,0.883,231.54,202.797,204.352
2013-06-10 07:11:54+05:30,50.04,-25.263,0.885,231.64,203.554,205.115
2013-06-10 07:11:55+05:30,50.04,-25.187,0.885,231.56,203.289,204.843
2013-06-10 07:11:56+05:30,50.04,-25.51,0.889,231.46,204.28,205.866
2013-06-10 07:11:57+05:30,50.04,-26.108,0.898,231.59,206.426,208.07
2013-06-10 07:11:59+05:30,50.11,-25.964,0.88,231.78,202.341,204
2013-06-10 07:12:00+05:30,50.1,-26.653,0.898,231.67,206.227,207.942
2013-06-10 07:12:01+05:30,50.1,-26.655,0.897,231.65,206.065,207.781
2013-06-10 07:12:02+05:30,50.11,-29.424,0.947,231.66,217.426,219.407
2013-06-10 07:12:03+05:30,50.1,-29.754,0.937,231.61,214.876,216.926
2013-06-10 07:12:04+05:30,50.11,-28.649,0.914,230.46,208.579,210.537
2013-06-10 07:12:05+05:30,50.11,-27.599,0.907,230.88,207.602,209.429
2013-06-10 07:12:06+05:30,50.09,-28.448,0.922,230.75,210.758,212.669
2013-06-10 07:12:07+05:30,50.09,-29.022,0.937,230.6,214.027,215.986
2013-06-10 07:12:08+05:30,50.11,-28.281,0.924,230.63,211.274,213.158
2013-06-10 07:12:09+05:30,50.11,-28.392,0.916,230.51,209.169,211.087
2013-06-10 07:12:10+05:30,50.11,-29.763,0.942,230.61,215.083,217.133
2013-06-10 07:12:11+05:30,50.1,-28.961,0.938,230.59,214.432,216.379
2013-06-10 07:12:12+05:30,50.1,-29.137,0.938,230.54,214.28,216.252
2013-06-10 07:12:13+05:30,50.1,-29.356,0.952,230.62,217.608,219.579
2013-06-10 07:12:14+05:30,50.1,-29.392,0.937,230.63,214.2,216.207
2013-06-10 07:12:15+05:30,50.1,-30.008,0.948,230.66,216.645,218.713
2013-06-10 07:12:16+05:30,50.12,-31.673,0.947,230.77,216.216,218.524
2013-06-10 07:12:17+05:30,50.1,-28.751,0.916,230.72,209.283,211.248
2013-06-10 07:12:18+05:30,50.09,-29.13,0.92,230.77,210.252,212.26
2013-06-10 07:12:19+05:30,50.1,-28.226,0.917,230.78,209.689,211.58
2013-06-10 07:12:20+05:30,50.1,-27.793,0.914,230.86,209.076,210.915
2013-06-10 07:12:21+05:30,50.09,-28.119,0.921,230.97,210.851,212.718
2013-06-10 07:12:22+05:30,50.11,-28.165,0.926,230.81,211.95,213.814
2013-06-10 07:12:23+05:30,50.11,-29.461,0.949,230.83,217.125,223.172
2013-06-10 07:12:24+05:30,50.11,-29.829,0.951,230.84,217.39,215.05
2013-06-10 07:12:25+05:30,50.1,-28.329,0.917,230.78,209.905,214.442
2013-06-10 07:12:26+05:30,50.1,-31.137,0.985,230.81,217.975,227.395
2013-06-10 07:12:27+05:30,50.07,-31.218,0.989,230.87,223.251,228.244
2013-06-10 07:12:28+05:30,50.09,-29.895,0.944,230.82,218.398,217.856
2013-06-10 07:12:29+05:30,50.1,-27.223,0.908,230.84,213.193,209.711
2013-06-10 07:12:30+05:30,50.09,-29.338,0.943,230.83,215.661,217.647
2013-06-10 07:12:31+05:30,50.09,-28.44,0.931,230.77,212.853,214.745
2013-06-10 07:12:32+05:30,50.09,-27.983,0.927,230.88,212.252,214.088
2013-06-10 07:12:33+05:30,50.08,-29.15,0.949,230.66,216.992,218.941
2013-06-10 07:12:34+05:30,50.1,-28.473,0.932,230.73,213.067,214.961
2013-06-10 07:12:35+05:30,50.08,-27.404,0.916,230.91,209.622,211.405
2013-06-10 07:12:36+05:30,50.1,-27.843,0.918,230.72,209.903,211.741
2013-06-10 07:12:37+05:30,50.08,-27.422,0.916,230.83,209.771,211.556
2013-06-10 07:12:38+05:30,50.1,-28.41,0.929,230.72,212.562,214.453
2013-06-10 07:12:39+05:30,50.09,-28.012,0.919,230.71,210.192,212.051
2013-06-10 07:12:55+05:30,50.1,-30.238,0.934,230.79,213.46,215.591
2013-06-10 07:12:56+05:30,50.1,-30.588,0.937,230.81,214.084,216.258
2013-06-10 07:12:57+05:30,50.1,-28.733,0.937,231.07,214.523,216.439
2013-06-10 07:12:58+05:30,50.1,-29.377,0.94,231.13,215.245,217.241
2013-06-10 07:12:59+05:30,50.11,-28.61,0.939,231.16,215.24,217.133
2013-06-10 07:13:00+05:30,50.1,-28.853,0.939,231.21,215.116,217.042
2013-06-10 07:13:01+05:30,50.1,-28.218,0.931,231.34,213.555,215.411
2013-06-10 07:13:02+05:30,50.09,-26.379,0.898,231.26,205.949,207.631
2013-06-10 07:13:03+05:30,50.1,-29.053,0.934,231.14,214.006,215.969
2013-06-10 07:13:04+05:30,50.1,-28.805,0.941,230.82,215.27,217.188
2013-06-10 07:13:05+05:30,50.1,-26.791,0.908,231.23,208.2,209.917
2013-06-10 07:13:06+05:30,50.1,-28.149,0.928,231.17,212.662,214.517
2013-06-10 07:13:07+05:30,50.1,-28.394,0.937,231.17,214.816,216.685
2013-06-10 07:13:08+05:30,50.08,-29.137,0.946,231.03,216.616,218.567
2013-06-10 07:13:09+05:30,50.09,-29.68,0.963,231.22,220.794,222.78
2013-06-10 07:13:10+05:30,50.1,-29.924,0.961,231.01,219.956,221.982
2013-06-10 07:13:11+05:30,50.1,-29.705,0.961,230.94,219.851,221.848
2013-06-10 07:13:12+05:30,50.11,-29.686,0.953,231.07,218.301,220.311
2013-06-10 07:13:13+05:30,50.11,-28.826,0.943,230.95,215.972,217.887
2013-06-10 07:13:14+05:30,50.09,-29.064,0.934,231.04,213.713,215.68
2013-06-10 07:13:15+05:30,50.09,-28.156,0.926,231.12,212.045,213.906
2013-06-10 07:13:16+05:30,50.09,-29.424,0.952,230.95,217.966,219.943
2013-06-10 07:13:17+05:30,50.08,-28.439,0.931,230.78,213.059,214.948
2013-06-10 07:13:18+05:30,50.07,-27.958,0.929,230.73,212.597,214.428
2013-06-10 07:13:19+05:30,50.09,-28.083,0.93,230.96,212.989,214.832
2013-06-10 07:13:20+05:30,50.09,-27.64,0.915,230.82,209.357,211.174
2013-06-10 07:13:21+05:30,50.07,-27.02,0.914,230.84,209.214,210.952
2013-06-10 07:13:22+05:30,50.08,-26.642,0.908,230.98,208.079,209.778
2013-06-10 07:13:23+05:30,50.09,-26.894,0.911,230.82,208.437,210.165
2013-06-10 07:13:24+05:30,50.08,-27.149,0.913,230.94,209.161,210.916
2013-06-10 07:13:25+05:30,50.08,-27.851,0.916,230.89,209.7,211.541
2013-06-10 07:13:26+05:30,50.08,-27.964,0.922,230.87,210.975,212.82
2013-06-10 07:13:27+05:30,50.06,-27.134,0.919,231.06,210.487,212.229
2013-06-10 07:13:28+05:30,50.09,-27.708,0.928,230.93,212.613,214.41
2013-06-10 07:13:29+05:30,50.07,-28.443,0.945,230.86,216.367,218.229
2013-06-10 07:13:30+05:30,50.08,-28.804,0.943,231.08,215.928,217.841
2013-06-10 07:13:31+05:30,50.08,-28.351,0.941,230.95,215.402,217.26
2013-06-10 07:13:32+05:30,50.07,-28.602,0.946,230.88,216.51,218.391
2013-06-10 07:13:33+05:30,50.08,-27.622,0.925,231.03,211.817,213.611
2013-06-10 07:13:34+05:30,50.08,-27.343,0.918,230.9,210.185,211.956
2013-06-10 07:13:35+05:30,50.07,-26.396,0.907,230.98,207.718,209.388
2013-06-10 07:13:36+05:30,50.1,-26.641,0.911,231.02,208.856,210.549
2013-06-10 07:13:37+05:30,50.07,-27.332,0.918,230.95,210.308,212.077
2013-06-10 07:13:38+05:30,50.08,-26.973,0.913,231.04,209.231,210.962
2013-06-10 07:13:39+05:30,50.08,-27.329,0.915,230.88,209.57,211.344
2013-06-10 07:13:40+05:30,50.09,-27.69,0.924,230.81,211.403,213.209
2013-06-10 07:13:41+05:30,50.07,-27.788,0.928,230.99,212.577,214.385
2013-06-10 07:13:50+05:30,50.09,-27.53,0.922,230.93,211.017,212.805
2013-06-10 07:13:51+05:30,50.07,-27.283,0.918,230.9,210.287,212.049
2013-06-10 07:13:52+05:30,50.07,-27.287,0.916,231.04,209.926,211.692
2013-06-10 07:13:53+05:30,50.09,-27.767,0.924,230.89,211.476,213.291
2013-06-10 07:13:54+05:30,50.09,-27.142,0.909,230.97,208.224,209.985
2013-06-10 07:13:55+05:30,50.09,-27.285,0.913,230.84,208.952,210.726
2013-06-10 07:13:56+05:30,50.07,-27.441,0.921,230.9,210.926,212.703
2013-06-10 07:13:57+05:30,50.08,-27.412,0.913,230.83,209.051,210.84
2013-06-10 07:13:58+05:30,50.07,-27.228,0.92,230.83,210.646,212.398
2013-06-10 07:13:59+05:30,50.08,-26.959,0.917,230.89,210.013,211.736
2013-06-10 07:14:00+05:30,50.08,-27.39,0.926,230.86,211.965,213.727
2013-06-10 07:14:01+05:30,50.06,-27.555,0.923,230.4,210.755,212.548
2013-06-10 07:14:02+05:30,50.07,-27.376,0.918,230.52,209.904,211.682
2013-06-10 07:14:03+05:30,50.06,-27.744,0.927,230.48,211.775,213.584
2013-06-10 07:14:04+05:30,50.05,-27.09,0.917,230.49,209.677,211.42
2013-06-10 07:14:05+05:30,50.04,-27.686,0.923,230.42,210.762,212.573
2013-06-10 07:14:06+05:30,50.07,-27.647,0.927,230.61,211.952,213.747
2013-06-10 07:14:07+05:30,50.05,-28.307,0.931,230.4,212.534,214.411
2013-06-10 07:14:08+05:30,50.05,-27.297,0.91,230.4,207.766,209.551
2013-06-10 07:14:09+05:30,50.05,-26.21,0.895,230.52,204.538,206.21
2013-06-10 07:14:10+05:30,50.05,-25.829,0.883,230.38,201.873,204.943
2013-06-10 07:14:11+05:30,50.06,-25.618,0.895,230.44,204.419,205.012
2013-06-10 07:14:12+05:30,50.06,-26.427,0.902,230.49,204.35,207.911
2013-06-10 07:14:13+05:30,50.05,-26.277,0.898,230.41,205.456,206.977
2013-06-10 07:14:14+05:30,50.06,-27.004,0.907,230.39,205.2,209.019
2013-06-10 07:14:15+05:30,50.05,-25.937,0.887,230.44,205.009,204.517
2013-06-10 07:14:16+05:30,50.06,-26.599,0.899,230.53,205.723,207.435
2013-06-10 07:14:17+05:30,50.05,-26.926,0.908,230.68,207.737,209.475
2013-06-10 07:14:18+05:30,50.05,-26.53,0.903,230.54,206.492,208.19
2013-06-10 07:14:19+05:30,50.04,-26.342,0.896,230.61,205.051,206.736
2013-06-10 07:14:20+05:30,50.03,-26.323,0.899,230.65,205.681,207.359
2013-06-10 07:14:21+05:30,50.05,-26.386,0.902,230.55,206.341,208.022
2013-06-10 07:14:22+05:30,50.06,-26.988,0.914,230.6,209.059,210.794
2013-06-10 07:14:23+05:30,50.05,-28.699,0.936,230.51,213.827,215.745
2013-06-10 07:14:24+05:30,50.03,-30.059,0.976,230.44,222.944,224.962
2013-06-10 07:14:25+05:30,50.04,-29.651,0.966,230.48,220.594,222.578
2013-06-10 07:14:26+05:30,50.03,-30.038,0.977,230.31,222.939,224.954
2013-06-10 07:14:27+05:30,50.03,-26.14,0.897,230.43,204.925,206.585
2013-06-10 07:14:28+05:30,50.04,-25.982,0.892,230.58,203.966,205.614
2013-06-10 07:14:29+05:30,50.02,-26.501,0.905,230.47,206.811,208.502
2013-06-10 07:14:30+05:30,50.05,-26.716,0.91,230.5,208.096,209.804
2013-06-10 07:14:31+05:30,50.04,-27.092,0.919,230.41,209.906,211.647
2013-06-10 07:14:32+05:30,50.05,-27.876,0.928,230.07,211.766,213.593
2013-06-10 07:14:33+05:30,50.04,-27.739,0.924,230.23,210.912,212.728
2013-06-10 07:14:34+05:30,50.03,-28.815,0.937,230.21,213.725,215.659
2013-06-10 07:14:35+05:30,50.01,-27.411,0.922,230.18,210.417,212.195
2013-06-10 07:14:36+05:30,50.02,-27.206,0.919,230.31,210.011,211.766
2013-06-10 07:14:37+05:30,50.02,-26.8,0.908,230.17,207.302,209.027
2013-06-10 07:14:38+05:30,50.02,-26.483,0.906,230.2,206.908,208.596
2013-06-10 07:14:39+05:30,50.03,-27.591,0.932,230.22,212.757,214.539
2013-06-10 07:14:40+05:30,50.05,-28.454,0.938,230.14,214.067,215.95
2013-06-10 07:14:41+05:30,50.05,-28.82,0.946,230.23,215.865,217.781
2013-06-10 07:14:42+05:30,50.02,-28.831,0.936,230.35,213.566,215.503
2013-06-10 07:14:43+05:30,50.02,-27.245,0.921,230.25,210.394,212.151
2013-06-10 07:14:44+05:30,50.03,-26.829,0.912,230.26,208.207,209.928
2013-06-10 07:14:45+05:30,50.04,-26.755,0.909,230.36,207.733,209.448
2013-06-10 07:14:46+05:30,50.02,-26.035,0.899,230.3,205.469,207.112
2013-06-10 07:14:47+05:30,50.01,-26.396,0.906,230.28,206.959,208.636
2013-06-10 07:14:48+05:30,50.03,-26.151,0.902,230.23,206.109,207.762
2013-06-10 07:14:50+05:30,50.02,-25.956,0.904,230.29,206.503,208.127
2013-06-10 07:14:51+05:30,50.02,-26.524,0.906,230.27,206.866,208.56
2013-06-10 07:14:52+05:30,50.04,-26.889,0.908,230.24,207.329,209.066
2013-06-10 07:14:53+05:30,50.03,-26.772,0.909,230.22,207.546,209.266
2013-06-10 07:14:54+05:30,50.05,-26.516,0.903,230.44,206.484,208.18
2013-06-10 07:14:55+05:30,50.02,-27.752,0.918,230.18,209.583,211.413
2013-06-10 07:14:56+05:30,50.03,-26.814,0.91,230.12,207.601,209.326
2013-06-10 07:14:57+05:30,50.03,-27.2,0.914,230.43,208.796,210.56
2013-06-10 07:14:58+05:30,50.02,-26.814,0.91,230.33,207.886,209.608
2013-06-10 07:14:59+05:30,50.03,-26.383,0.901,230.41,205.967,207.649
2013-06-10 07:15:00+05:30,50.04,-25.85,0.892,230.36,203.808,205.44
2013-06-10 07:15:01+05:30,50.04,-25.608,0.893,230.5,204.231,205.83
2013-06-10 07:15:02+05:30,50.01,-25.778,0.891,230.38,203.589,205.214
2013-06-10 07:15:03+05:30,50.04,-25.803,0.892,230.42,203.874,205.501
2013-06-10 07:15:04+05:30,50.01,-26.69,0.898,230.54,205.27,206.998
2013-06-10 07:15:05+05:30,50.03,-26.313,0.9,230.47,205.64,207.317
2013-06-10 07:15:06+05:30,50.02,-26.301,0.897,230.41,204.911,206.592
2013-06-10 07:15:07+05:30,50.02,-26.188,0.899,230.52,205.612,207.273
2013-06-10 07:15:08+05:30,50.02,-27.311,0.907,230.44,207.289,209.081
2013-06-10 07:15:09+05:30,50.02,-28.469,0.928,230.44,212.04,213.943
2013-06-10 07:15:10+05:30,50.02,-27.97,0.943,230.48,215.597,217.696
2013-06-10 07:15:11+05:30,50.03,-29.846,0.952,230.26,217.196,220.768
2013-06-10 07:15:12+05:30,50.03,-28.171,0.951,230.3,217.048,212.666
2013-06-10 07:15:13+05:30,50.03,-27.93,0.918,230.32,212.673,211.386
2013-06-10 07:15:14+05:30,50.03,-27.803,0.929,230.44,207.993,214.043
2013-06-10 07:15:15+05:30,50.02,-26.03,0.9,230.5,212.441,207.474
2013-06-10 07:15:16+05:30,50.01,-26.685,0.909,230.44,206.167,209.433
2013-06-10 07:15:17+05:30,50.03,-26.853,0.915,230.51,209.192,210.908
2013-06-10 07:15:18+05:30,50.03,-26.123,0.901,230.49,206.058,207.707
2013-06-10 07:15:19+05:30,50.02,-26.137,0.909,230.57,208.004,209.64
2013-06-10 07:15:20+05:30,50.02,-26.184,0.906,230.48,207.216,208.864
2013-06-10 07:15:21+05:30,50.02,-27.548,0.924,230.42,211.097,212.887
2013-06-10 07:15:22+05:30,50.02,-27.314,0.924,230.52,211.343,213.101
2013-06-10 07:15:23+05:30,50.01,-28.654,0.941,230.63,215.18,217.08
2013-06-10 07:15:24+05:30,50.03,-28.768,0.942,230.56,215.176,217.091
2013-06-10 07:15:25+05:30,50.03,-28.845,0.946,230.36,215.99,217.908
2013-06-10 07:15:26+05:30,50.01,-27.475,0.929,230.53,212.453,214.222
2013-06-10 07:15:27+05:30,50.01,-28.337,0.947,230.47,216.519,218.366
2013-06-10 07:15:28+05:30,49.99,-28.787,0.964,230.48,220.243,222.116
2013-06-10 07:15:29+05:30,50.02,-27.125,0.927,230.56,211.91,213.639
2013-06-10 07:15:30+05:30,50.01,-29.372,0.962,230.39,219.707,221.662
2013-06-10 07:15:31+05:30,50.02,-27.688,0.932,230.45,212.985,214.777
2013-06-10 07:15:32+05:30,50,-27.945,0.936,230.49,213.877,215.695
2013-06-10 07:15:33+05:30,50.01,-27.803,0.931,230.52,212.784,214.593
2013-06-10 07:15:34+05:30,50.02,-26.635,0.918,230.58,209.964,211.647
2013-06-10 07:15:35+05:30,50.01,-28.024,0.922,230.44,210.625,212.481
2013-06-10 07:15:36+05:30,50.02,-27.141,0.915,230.49,209.188,210.942
2013-06-10 07:15:37+05:30,50,-26.352,0.905,230.6,207.134,208.804
2013-06-10 07:15:38+05:30,50.01,-26.873,0.918,230.52,209.915,211.628
2013-06-10 07:15:39+05:30,50,-26.036,0.905,230.46,206.984,208.616
2013-06-10 07:15:40+05:30,50.02,-28.183,0.929,230.6,212.34,214.202
2013-06-10 07:15:41+05:30,50.01,-28.536,0.939,230.59,214.754,216.642
2013-06-10 07:15:46+05:30,50,-30.324,0.994,230.51,227.059,229.075
2013-06-10 07:15:47+05:30,50,-30.644,0.968,230.55,221.145,223.258
2013-06-10 07:15:48+05:30,50.01,-26.593,0.913,230.08,208.451,210.14
2013-06-10 07:15:49+05:30,50.02,-29.574,0.976,230.2,222.617,224.573
2013-06-10 07:15:50+05:30,50.01,-28.787,0.958,230.26,218.811,220.696
2013-06-10 07:15:51+05:30,50.02,-27.398,0.927,229.54,211.022,212.793
2013-06-10 07:15:52+05:30,50.02,-27.609,0.932,230.01,212.472,214.258
2013-06-10 07:15:53+05:30,50.02,-27.092,0.921,229.88,210.043,211.783
2013-06-10 07:15:54+05:30,50.02,-26.411,0.911,229.98,207.771,209.443
2013-06-10 07:15:55+05:30,50.01,-26.646,0.909,230,207.389,209.094
2013-06-10 07:15:56+05:30,50.01,-26.706,0.908,229.6,206.737,208.455
2013-06-10 07:15:57+05:30,50.01,-31.48,0.965,229.62,219.246,221.494
2013-06-10 07:15:58+05:30,50.02,-28.712,0.947,229.59,215.47,217.375
2013-06-10 07:15:59+05:30,50.01,-28.457,0.947,229.71,215.598,217.468
2013-06-10 07:16:00+05:30,50.03,-27.962,0.943,229.58,214.603,216.417
2013-06-10 07:16:01+05:30,50.01,-29.085,0.96,229.56,218.419,220.347
2013-06-10 07:16:02+05:30,50.02,-28.76,0.944,229.67,214.941,216.856
2013-06-10 07:16:03+05:30,50.04,-28.525,0.951,229.78,216.605,218.476
2013-06-10 07:16:04+05:30,50.02,-28.61,0.946,229.61,215.253,217.146
2013-06-10 07:16:05+05:30,50.02,-28.448,0.94,229.97,214.259,216.139
2013-06-10 07:16:06+05:30,50.02,-29.069,0.934,229.08,211.987,213.971
2013-06-10 07:16:07+05:30,50.01,-28.917,0.933,229.18,211.757,213.722
2013-06-10 07:16:08+05:30,50.03,-28.101,0.926,229.22,210.448,212.315
2013-06-10 07:16:09+05:30,50.03,-27.294,0.926,229.09,210.271,212.035
2013-06-10 07:16:10+05:30,50.03,-27.476,0.923,229.1,209.676,211.296
2013-06-10 07:16:11+05:30,50.02,-28.252,0.935,229.15,212.315,214.883
2013-06-10 07:16:12+05:30,50.02,-28.359,0.936,229.12,212.635,213.538
2013-06-10 07:16:13+05:30,50.02,-27.778,0.92,229.15,210.205,210.829
2013-06-10 07:16:14+05:30,50.02,-28.154,0.928,229.08,208.021,212.665
2013-06-10 07:16:15+05:30,50.02,-27.932,0.924,229.14,208.601,211.692
2013-06-10 07:16:16+05:30,50.02,-27.055,0.917,229.25,207.77,210.15
2013-06-10 07:16:17+05:30,50,-28.014,0.936,229.1,212.558,214.396
2013-06-10 07:16:18+05:30,50.02,-28.663,0.931,229.15,211.315,213.25
2013-06-10 07:16:19+05:30,50.01,-30.731,0.949,229,215.076,217.26
2013-06-10 07:16:20+05:30,50.01,-27.187,0.918,229.11,208.443,210.208
2013-06-10 07:16:21+05:30,50.01,-28.355,0.938,229.3,213.112,214.99
2013-06-10 07:16:22+05:30,50,-28.988,0.956,229.17,217.178,219.104
2013-06-10 07:16:23+05:30,50,-29.386,0.965,229.22,219.196,221.158
2013-06-10 07:16:24+05:30,50.02,-31.971,0.953,229.29,216.086,218.439
2013-06-10 07:16:25+05:30,50.01,-28.864,0.928,229.03,210.5,212.47
2013-06-10 07:16:26+05:30,50,-28.338,0.918,229.2,208.4,210.317
2013-06-10 07:16:27+05:30,50.03,-27.198,0.914,229.25,207.781,209.553
2013-06-10 07:16:28+05:30,49.98,-28.077,0.936,229.11,212.549,214.396
2013-06-10 07:16:29+05:30,50.01,-27.197,0.924,229.24,209.987,211.741
2013-06-10 07:16:30+05:30,50,-26.852,0.918,229.14,208.567,210.289
2013-06-10 07:16:34+05:30,50,-27.091,0.92,229.17,209.159,210.906
2013-06-10 07:16:35+05:30,50,-27.358,0.915,229.03,207.862,209.654
2013-06-10 07:16:36+05:30,49.99,-27.42,0.913,229.06,207.219,209.026
2013-06-10 07:16:37+05:30,49.99,-27.028,0.903,229.05,205.056,206.83
2013-06-10 07:16:38+05:30,50.01,-26.81,0.898,229.14,203.939,205.694
2013-06-10 07:16:39+05:30,50,-27.378,0.907,229.06,206.062,207.872
2013-06-10 07:16:40+05:30,49.98,-27.767,0.935,229,212.281,214.089
2013-06-10 07:16:43+05:30,50.02,-29.129,0.956,228.93,216.993,218.939
2013-06-10 07:16:44+05:30,50,-27.641,0.921,228.98,209.012,210.832
2013-06-10 07:16:45+05:30,49.99,-26.894,0.916,229.08,208.15,209.88
2013-06-10 07:16:46+05:30,49.99,-26.553,0.913,229.01,207.395,209.088
2013-06-10 07:16:51+05:30,50,-27.583,0.914,228.97,207.417,209.243
2013-06-10 07:16:52+05:30,49.99,-26.229,0.894,229.12,203.229,204.914
2013-06-10 07:16:53+05:30,49.99,-25.102,0.886,229.08,201.505,203.063
2013-06-10 07:16:54+05:30,50,-25.593,0.893,229.05,202.845,204.454
2013-06-10 07:16:55+05:30,50,-24.971,0.885,229.07,201.071,202.616
2013-06-10 07:16:56+05:30,50.01,-24.752,0.884,228.99,200.807,202.327
2013-06-10 07:16:57+05:30,50.01,-26.145,0.904,229,205.28,206.938
2013-06-10 07:16:58+05:30,50.02,-26.591,0.909,229,206.364,208.07
2013-06-10 07:16:59+05:30,50.01,-27.537,0.93,229.02,211.144,212.932
2013-06-10 07:17:00+05:30,50.01,-28.491,0.952,229.04,216.086,217.956
2013-06-10 07:17:01+05:30,50.02,-28.609,0.945,228.85,214.277,216.179
2013-06-10 07:17:02+05:30,49.98,-28.472,0.938,228.98,212.938,214.833
2013-06-10 07:17:03+05:30,50.01,-27.843,0.93,229.11,211.164,212.992
2013-06-10 07:17:04+05:30,49.99,-27.784,0.93,229.04,211.099,212.92
2013-06-10 07:17:05+05:30,50.01,-27.023,0.924,229.01,209.842,211.575
2013-06-10 07:17:06+05:30,50.02,-27.332,0.923,229.14,209.631,211.406
2013-06-10 07:17:07+05:30,50,-27.258,0.925,229,209.968,211.73
2013-06-10 07:17:08+05:30,50.02,-27.536,0.92,229.03,208.884,210.691
2013-06-10 07:17:09+05:30,50.02,-25.655,0.898,229,203.968,205.575
2013-06-10 07:17:10+05:30,50,-25.6,0.898,229,204.015,205.615
2013-06-10 07:17:11+05:30,50.03,-26.225,0.907,229.05,206.041,206.325
2013-06-10 07:17:12+05:30,50.01,-26.053,0.906,228.93,205.812,208.556
2013-06-10 07:17:13+05:30,50.02,-26.899,0.917,228.93,208.2,211.057
2013-06-10 07:17:14+05:30,50.03,-27.141,0.917,229.13,207.985,210.042
2013-06-10 07:17:15+05:30,50.02,-26.789,0.912,229,207.122,208.862
2013-06-10 07:17:16+05:30,50.02,-27.265,0.919,228.93,207.639,210.339
2013-06-10 07:17:17+05:30,50.04,-26.536,0.91,228.77,208.601,208.126
2013-06-10 07:17:18+05:30,50.03,-27.619,0.929,228.72,210.575,212.379
2013-06-10 07:17:19+05:30,50.02,-27.141,0.924,228.81,209.65,211.4
2013-06-10 07:17:20+05:30,50.04,-25.504,0.895,228.69,203.144,204.739
2013-06-10 07:17:21+05:30,50.03,-26.147,0.903,228.63,204.903,206.565
2013-06-10 07:17:22+05:30,50.02,-27.279,0.925,228.67,209.796,211.562
2013-06-10 07:17:23+05:30,50.03,-27.589,0.935,229.44,212.699,214.481
2013-06-10 07:17:24+05:30,50.05,-28.708,0.956,229.54,217.498,219.385
2013-06-10 07:17:25+05:30,50.02,-28.452,0.953,229.52,216.828,218.686
2013-06-10 07:17:26+05:30,50.03,-28.354,0.952,229.45,216.512,218.36
2013-06-10 07:17:27+05:30,50.02,-27.342,0.921,229.57,209.676,211.451
2013-06-10 07:17:28+05:30,50.03,-28.252,0.926,229.59,210.598,212.485
2013-06-10 07:17:29+05:30,50.02,-28.364,0.92,229.52,209.233,211.146
2013-06-10 07:17:30+05:30,50.04,-28.548,0.933,229.53,212.295,214.206
2013-06-10 07:17:31+05:30,50.04,-27.468,0.921,229.5,209.533,211.325
2013-06-10 07:17:32+05:30,50.01,-28.224,0.935,229.57,212.737,214.601
2013-06-10 07:17:33+05:30,50.04,-27.651,0.927,229.68,211.204,213.006
2013-06-10 07:17:34+05:30,50.04,-28.126,0.939,229.5,213.728,215.57
2013-06-10 07:17:35+05:30,50.05,-27.099,0.918,229.62,208.95,210.7
2013-06-10 07:17:36+05:30,50.04,-27.882,0.935,229.74,212.882,214.701
2013-06-10 07:17:37+05:30,50.04,-27.486,0.924,229.61,210.484,212.271
2013-06-10 07:17:38+05:30,50.05,-28.055,0.936,229.45,213.035,214.874
2013-06-10 07:17:39+05:30,50.06,-27.496,0.924,229.57,210.228,212.018
2013-06-10 07:17:40+05:30,50.06,-27.589,0.927,229.4,210.853,212.65
2013-06-10 07:17:41+05:30,50.05,-28.082,0.945,229.46,215.066,216.892
2013-06-10 07:17:43+05:30,50.07,-28.179,0.941,229.4,214.033,215.88
2013-06-10 07:17:44+05:30,50.05,-27.714,0.936,229.46,212.912,214.708
2013-06-10 07:17:45+05:30,50.06,-27.311,0.929,229.48,211.357,213.115
2013-06-10 07:17:46+05:30,50.07,-27.35,0.924,229.46,210.318,212.089
2013-06-10 07:17:47+05:30,50.06,-27.317,0.927,229.57,211.169,212.928
2013-06-10 07:17:48+05:30,50.06,-28.238,0.932,229.47,212.028,213.9
2013-06-10 07:17:49+05:30,50.05,-27.208,0.915,229.52,208.331,210.1
2013-06-10 07:17:50+05:30,50.07,-28.704,0.939,229.53,213.663,215.582
2013-06-10 07:17:51+05:30,50.07,-28.159,0.93,229.47,211.585,213.451
2013-06-10 07:17:52+05:30,50.07,-27.87,0.925,229.51,210.489,212.326
2013-06-10 07:17:53+05:30,50.07,-28.226,0.934,229.33,212.347,214.215
2013-06-10 07:17:54+05:30,50.07,-28.057,0.916,229.44,208.21,210.092
2013-06-10 07:17:55+05:30,50.06,-27.488,0.918,229.49,208.881,210.682
2013-06-10 07:17:56+05:30,50.09,-26.848,0.908,229.45,206.552,208.29
2013-06-10 07:17:57+05:30,50.08,-32.482,0.984,229.43,223.373,225.723
2013-06-10 07:17:58+05:30,50.1,-28.673,0.935,229.51,212.621,214.545
2013-06-10 07:17:59+05:30,50.1,-27.297,0.913,229.45,207.761,209.547
2013-06-10 07:18:00+05:30,50.08,-28.387,0.931,229.49,211.812,213.706
2013-06-10 07:18:01+05:30,50.09,-27.746,0.932,229.62,212.231,214.037
2013-06-10 07:18:02+05:30,50.08,-27.419,0.926,229.56,210.745,212.521
2013-06-10 07:18:03+05:30,50.09,-27.939,0.935,229.44,212.798,214.624
2013-06-10 07:18:04+05:30,50.1,-29.099,0.946,229.37,215.111,217.07
2013-06-10 07:18:05+05:30,50.1,-28.35,0.931,229.51,211.804,213.693
2013-06-10 07:18:06+05:30,50.1,-28.758,0.946,229.47,215.119,217.033
2013-06-10 07:18:07+05:30,50.1,-27.77,0.931,229.53,211.888,213.7
2013-06-10 07:18:08+05:30,50.13,-27.807,0.933,229.49,212.412,214.224
2013-06-10 07:18:09+05:30,50.1,-27.458,0.929,229.49,211.424,213.2
2013-06-10 07:18:10+05:30,50.1,-37.626,0.935,229.43,211.237,214.562
2013-06-10 07:18:11+05:30,50.11,-28.068,0.94,229.41,213.819,215.653
2013-06-10 07:18:12+05:30,50.11,-27.437,0.928,229.51,211.326,208.41
2013-06-10 07:18:13+05:30,50.12,-26.809,0.91,229.44,207.174,210.097
2013-06-10 07:18:14+05:30,50.13,-26.816,0.918,229.41,208.907,210.561
2013-06-10 07:18:15+05:30,50.11,-26.471,0.904,228.58,204.613,207.115
2013-06-10 07:18:16+05:30,50.1,-27.243,0.919,229.02,205.838,210.603
2013-06-10 07:18:17+05:30,50.12,-27.331,0.92,228.97,209.86,210.697
2013-06-10 07:18:18+05:30,50.14,-27.364,0.92,228.85,208.969,210.753
2013-06-10 07:18:19+05:30,50.12,-28.465,0.931,228.92,211.19,213.099
2013-06-10 07:18:20+05:30,50.11,-27.833,0.922,228.98,209.372,211.213
2013-06-10 07:18:21+05:30,50.11,-28.177,0.928,228.78,210.434,212.312
2013-06-10 07:18:22+05:30,50.1,-27.735,0.926,228.84,210.078,211.901
2013-06-10 07:18:23+05:30,50.11,-27.738,0.919,228.81,208.37,210.208
2013-06-10 07:18:24+05:30,50.11,-27.166,0.908,228.73,205.863,207.648
2013-06-10 07:18:25+05:30,50.1,-26.638,0.906,228.86,205.717,207.435
2013-06-10 07:18:26+05:30,50.12,-26.764,0.912,228.73,206.87,208.595
2013-06-10 07:18:27+05:30,50.12,-26.928,0.914,228.76,207.432,209.172
2013-06-10 07:18:28+05:30,50.1,-26.281,0.908,228.8,205.994,207.664
2013-06-10 07:18:29+05:30,50.12,-26.309,0.908,228.66,205.896,207.57
2013-06-10 07:18:30+05:30,50.13,-25.87,0.9,228.84,204.39,206.021
2013-06-10 07:18:31+05:30,50.11,-26.245,0.91,228.94,206.718,208.377
2013-06-10 07:18:32+05:30,50.13,-26.26,0.901,228.87,204.598,206.277
2013-06-10 07:18:33+05:30,50.11,-26.485,0.907,228.86,205.817,207.514
2013-06-10 07:18:34+05:30,50.13,-25.32,0.892,229.01,202.612,204.188
2013-06-10 07:18:35+05:30,50.12,-25.839,0.902,228.88,204.84,206.463
2013-06-10 07:18:36+05:30,50.1,-26.115,0.901,229,204.773,206.432
2013-06-10 07:18:37+05:30,50.12,-25.981,0.898,228.91,203.887,205.535
2013-06-10 07:18:38+05:30,50.11,-25.641,0.896,228.88,203.461,205.07
2013-06-10 07:18:39+05:30,50.13,-25.323,0.89,228.97,202.164,203.744
2013-06-10 07:18:40+05:30,50.12,-25.582,0.894,228.88,203.102,204.707
2013-06-10 07:18:41+05:30,50.12,-25.7,0.895,228.92,203.265,204.883
2013-06-10 07:18:42+05:30,50.13,-26.113,0.904,229.08,205.446,207.099
2013-06-10 07:18:43+05:30,50.14,-26.102,0.904,229,205.347,206.999
2013-06-10 07:18:44+05:30,50.14,-26.241,0.906,228.94,205.696,207.363
2013-06-10 07:18:45+05:30,50.13,-26.683,0.91,229.03,206.775,208.489
2013-06-10 07:18:46+05:30,50.15,-28.848,0.947,228.89,214.939,216.867
2013-06-10 07:18:47+05:30,50.14,-25.779,0.889,229.03,202.028,203.666
2013-06-10 07:18:48+05:30,50.14,-25.702,0.894,229.09,203.278,204.896
2013-06-10 07:18:49+05:30,50.13,-25.578,0.895,229.01,203.434,205.036
2013-06-10 07:18:50+05:30,50.14,-25.959,0.9,229.09,204.652,206.291
2013-06-10 07:18:51+05:30,50.13,-26.942,0.911,228.93,206.85,208.597
2013-06-10 07:18:52+05:30,50.13,-27.226,0.921,228.99,209.154,210.919
2013-06-10 07:18:53+05:30,50.13,-29.175,0.942,228.99,213.635,215.618
2013-06-10 07:18:54+05:30,50.13,-28.668,0.926,228.93,210.04,211.987
2013-06-10 07:18:55+05:30,50.12,-30.214,0.945,228.89,214.212,216.332
2013-06-10 07:18:56+05:30,50.12,-27.746,0.918,229.03,208.42,210.259
2013-06-10 07:18:57+05:30,50.12,-27.957,0.937,228.92,212.638,214.468
2013-06-10 07:18:58+05:30,50.13,-29.275,0.953,228.83,216.074,218.048
2013-06-10 07:18:59+05:30,50.13,-29.635,0.958,228.76,217.159,219.172
2013-06-10 07:19:00+05:30,50.13,-30.616,0.953,228.9,215.982,218.141
2013-06-10 07:19:01+05:30,50.14,-29.191,0.942,228.91,213.579,215.565
2013-06-10 07:19:02+05:30,50.12,-27.718,0.925,228.92,210.016,211.838
2013-06-10 07:19:03+05:30,50.14,-27.993,0.935,228.89,212.088,213.927
2013-06-10 07:19:04+05:30,50.12,-27.538,0.929,228.91,210.956,212.746
2013-06-10 07:19:05+05:30,50.12,-29.002,0.944,228.86,214.117,216.072
2013-06-10 07:19:06+05:30,50.11,-27.716,0.93,228.91,211.07,212.882
2013-06-10 07:19:07+05:30,50.13,-26.719,0.918,228.94,208.547,210.252
2013-06-10 07:19:08+05:30,50.11,-27.748,0.935,228.85,212.18,213.987
2013-06-10 07:19:09+05:30,50.12,-26.578,0.915,228.85,207.632,209.326
2013-06-10 07:19:10+05:30,50.11,-26.303,0.91,228.99,206.638,208.305
2013-06-10 07:19:11+05:30,50.14,-26.3,0.909,228.89,206.411,208.08
2013-06-10 07:19:12+05:30,50.11,-26.727,0.909,228.86,206.426,208.149
2013-06-10 07:19:13+05:30,50.13,-25.987,0.9,228.89,204.436,206.771
2013-06-10 07:19:14+05:30,50.13,-27.287,0.908,228.87,206.221,210.31
2013-06-10 07:19:15+05:30,50.13,-28.554,0.948,228.9,210.829,217.058
2013-06-10 07:19:16+05:30,50.12,-29.332,0.965,228.68,217.996,220.665
2013-06-10 07:19:17+05:30,50.1,-29.335,0.956,228.73,219.009,218.626
2013-06-10 07:19:18+05:30,50.12,-28.311,0.945,228.72,216.356,216.264
2013-06-10 07:19:19+05:30,50.14,-30.077,0.968,228.64,219.249,221.302
2013-06-10 07:19:20+05:30,50.1,-30.336,0.952,228.62,215.467,217.592
2013-06-10 07:19:21+05:30,50.13,-30.192,0.943,228.6,213.452,215.577
2013-06-10 07:19:22+05:30,50.14,-29.793,0.95,228.82,215.429,217.479
2013-06-10 07:19:23+05:30,50.12,-28.397,0.93,228.93,211.051,212.953
2013-06-10 07:19:24+05:30,50.12,-28.952,0.941,228.85,213.327,215.283
2013-06-10 07:19:25+05:30,50.1,-28.69,0.936,228.83,212.249,214.179
2013-06-10 07:19:26+05:30,50.1,-27.2,0.92,228.99,208.876,210.639
2013-06-10 07:19:27+05:30,50.11,-27.998,0.94,228.83,213.257,215.087
2013-06-10 07:19:28+05:30,50.13,-27.166,0.924,228.87,209.672,211.424
2013-06-10 07:19:29+05:30,50.12,-27.635,0.931,229.05,211.46,213.258
2013-06-10 07:19:30+05:30,50.1,-27.23,0.923,228.88,209.411,211.174
2013-06-10 07:19:31+05:30,50.11,-28.14,0.929,228.87,210.804,212.674
2013-06-10 07:19:32+05:30,50.11,-28.552,0.946,228.82,214.492,216.384
2013-06-10 07:19:33+05:30,50.11,-28.837,0.942,228.84,213.732,215.669
2013-06-10 07:19:34+05:30,50.12,-29.031,0.951,228.85,215.685,217.63
2013-06-10 07:19:35+05:30,50.13,-28.723,0.948,228.84,215.117,217.027
2013-06-10 07:19:36+05:30,50.1,-28.098,0.93,228.97,211.034,212.896
2013-06-10 07:19:37+05:30,50.1,-27.274,0.923,229.08,209.707,211.473
2013-06-10 07:19:38+05:30,50.11,-26.701,0.909,228.72,206.248,207.969
2013-06-10 07:19:39+05:30,50.12,-26.656,0.912,228.73,206.825,208.536
2013-06-10 07:19:40+05:30,50.12,-27.225,0.917,228.82,208.116,209.889
2013-06-10 07:19:41+05:30,50.11,-26.804,0.918,228.75,208.368,210.085
2013-06-10 07:19:43+05:30,50.12,-25.771,0.902,228.71,204.764,206.379
2013-06-10 07:19:44+05:30,50.11,-27.321,0.923,228.83,209.342,211.117
2013-06-10 07:19:45+05:30,50.11,-26.478,0.909,228.68,206.159,207.852
2013-06-10 07:19:46+05:30,50.12,-27.619,0.925,228.67,209.687,211.498
2013-06-10 07:19:49+05:30,50.12,-28.28,0.924,228.76,209.437,211.337
2013-06-10 07:19:50+05:30,50.1,-27.597,0.917,228.74,207.816,209.641
2013-06-10 07:19:51+05:30,50.1,-25.743,0.898,228.86,204.01,205.628
2013-06-10 07:19:52+05:30,50.11,-25.917,0.907,229.72,206.704,208.323
2013-06-10 07:19:53+05:30,50.14,-25.912,0.905,230,206.62,208.239
2013-06-10 07:19:54+05:30,50.11,-28.06,0.932,229.93,212.436,214.281
2013-06-10 07:19:55+05:30,50.12,-31.57,1.009,229.86,229.675,231.835
2013-06-10 07:19:56+05:30,50.13,-27.088,0.925,229.96,210.876,212.609
2013-06-10 07:19:57+05:30,50.11,-28.891,0.948,229.91,215.969,217.893
2013-06-10 07:19:58+05:30,50.13,-26.553,0.911,229.91,207.74,209.43
2013-06-10 07:20:00+05:30,50.12,-25.717,0.901,230,205.598,207.2
2013-06-10 07:20:01+05:30,50.12,-25.522,0.898,229.92,204.937,206.52
2013-06-10 07:20:02+05:30,50.13,-25.6,0.897,229.88,204.614,206.209
2013-06-10 07:20:03+05:30,50.13,-25.303,0.892,229.98,203.516,205.083
2013-06-10 07:20:04+05:30,50.14,-25.124,0.889,229.96,202.827,204.377
2013-06-10 07:20:05+05:30,50.14,-25.288,0.894,229.9,204.032,205.593
2013-06-10 07:20:06+05:30,50.14,-25.16,0.89,229.21,202.555,204.111
2013-06-10 07:20:07+05:30,50.15,-25.438,0.898,229.71,204.7,206.275
2013-06-10 07:20:08+05:30,50.13,-25.504,0.899,229.74,204.884,206.465
2013-06-10 07:20:09+05:30,50.16,-25.184,0.891,229.67,203.003,204.559
2013-06-10 07:20:10+05:30,50.13,-25.331,0.894,229.69,203.693,205.262
2013-06-10 07:20:11+05:30,50.13,-25.606,0.899,229.64,204.908,206.502
2013-06-10 07:20:12+05:30,50.13,-25.637,0.901,229.65,205.292,206.887
2013-06-10 07:20:13+05:30,50.14,-26.149,0.906,229.66,206.347,207.997
2013-06-10 07:20:14+05:30,50.14,-25.232,0.893,229.67,203.55,205.787
2013-06-10 07:20:15+05:30,50.13,-25.554,0.887,229.69,202.255,205.446
2013-06-10 07:20:16+05:30,50.14,-25.12,0.886,229.74,202.927,203.575
2013-06-10 07:20:17+05:30,50.14,-24.921,0.886,229.64,205.809,203.561
2013-06-10 07:20:18+05:30,50.13,-24.87,0.886,229.66,201.807,203.522
2013-06-10 07:20:19+05:30,50.16,-24.621,0.881,229.85,201.48,202.414
2013-06-10 07:20:20+05:30,50.12,-24.905,0.885,229.65,201.651,203.183
2013-06-10 07:20:21+05:30,50.16,-24.565,0.879,228.43,199.834,201.339
2013-06-10 07:20:22+05:30,50.12,-24.823,0.881,228.77,199.919,201.454
2013-06-10 07:20:23+05:30,50.15,-25.591,0.896,228.75,203.262,204.866
2013-06-10 07:20:24+05:30,50.15,-25.061,0.889,228.86,201.918,203.468
2013-06-10 07:20:25+05:30,50.14,-25.615,0.894,228.73,202.954,204.564
2013-06-10 07:20:26+05:30,50.14,-26.482,0.908,228.71,205.873,207.569
2013-06-10 07:22:00+05:30,50.15,-25.014,0.886,228.82,201.263,202.812
2013-06-10 07:22:01+05:30,50.14,-23.89,0.868,228.82,197.101,198.543
2013-06-10 07:22:02+05:30,50.15,-24.546,0.878,228.77,199.282,200.788
2013-06-10 07:22:07+05:30,50.15,-27.489,0.901,228.63,204.14,205.982
2013-06-10 07:22:08+05:30,50.13,-26.171,0.893,228.51,202.341,204.027
2013-06-10 07:22:09+05:30,50.12,-28.248,0.918,228.49,207.96,209.87
2013-06-10 07:22:10+05:30,50.14,-28.101,0.928,228.59,210.189,212.059
2013-06-10 07:22:11+05:30,50.12,-27.965,0.924,228.48,209.285,211.145
2013-06-10 07:22:12+05:30,50.15,-26.675,0.901,228.52,204.167,205.902
2013-06-10 07:22:13+05:30,50.14,-25.839,0.882,228.57,200.04,201.701
2013-06-10 07:22:14+05:30,50.15,-27.403,0.909,228.45,205.795,207.612
2013-06-10 07:22:15+05:30,50.15,-26.053,0.888,228.57,201.283,202.962
2013-06-10 07:22:16+05:30,50.13,-26.574,0.9,228.41,203.821,205.546
2013-06-10 07:22:17+05:30,50.15,-26.913,0.903,228.51,204.571,206.334
2013-06-10 07:22:18+05:30,50.14,-27.068,0.905,228.55,205.155,206.933
2013-06-10 07:22:19+05:30,50.13,-27.656,0.92,228.43,208.312,210.14
2013-06-10 07:22:20+05:30,50.16,-27.594,0.921,228.47,208.539,210.357
2013-06-10 07:22:21+05:30,50.14,-30.034,0.948,228.53,214.616,216.707
2013-06-10 07:22:22+05:30,50.13,-29.954,0.944,228.43,213.542,215.632
2013-06-10 07:22:23+05:30,50.13,-28.422,0.915,228.51,207.173,209.113
2013-06-10 07:22:24+05:30,50.15,-27.197,0.904,228.5,204.839,206.637
2013-06-10 07:22:25+05:30,50.17,-28.599,0.938,228.4,212.34,214.257
2013-06-10 07:22:26+05:30,50.14,-27.793,0.927,228.53,210.025,211.856
2013-06-10 07:22:27+05:30,50.16,-27.497,0.918,228.51,208.041,209.851
2013-06-10 07:22:28+05:30,50.15,-28.081,0.931,228.48,210.881,212.742
2013-06-10 07:22:29+05:30,50.16,-28.063,0.933,228.56,211.344,216.544
2013-06-10 07:22:30+05:30,50.16,-28.973,0.946,228.44,214.137,215.613
2013-06-10 07:22:31+05:30,50.16,-28.248,0.928,228.38,212.09,212.139
2013-06-10 07:22:32+05:30,50.18,-28.468,0.931,228.56,209.335,212.642
2013-06-10 07:22:33+05:30,50.14,-27.857,0.922,228.48,211.426,210.6
2013-06-10 07:22:34+05:30,50.16,-28.248,0.931,228.27,210.453,212.671
2013-06-10 07:22:35+05:30,50.16,-28.865,0.946,228.41,214.048,215.985
2013-06-10 07:22:36+05:30,50.17,-29.023,0.952,228.57,215.628,217.573
2013-06-10 07:22:37+05:30,50.16,-30.398,0.955,228.74,216.217,218.344
2013-06-10 07:22:38+05:30,50.16,-30.07,0.941,228.56,212.955,215.068
2013-06-10 07:22:39+05:30,50.15,-29.92,0.946,228.7,214.284,216.363
2013-06-10 07:22:40+05:30,50.16,-29.296,0.95,228.74,215.238,217.222
2013-06-10 07:22:41+05:30,50.17,-29.899,0.969,228.75,219.682,221.708
2013-06-10 07:22:42+05:30,50.16,-28.231,0.929,228.85,210.707,212.59
2013-06-10 07:22:43+05:30,50.18,-67.386,0.974,228.96,212.462,222.893
2013-06-10 07:22:44+05:30,50.17,-29.697,0.957,228.72,216.768,218.793
2013-06-10 07:22:45+05:30,50.17,-29.05,0.945,229.36,214.702,216.659
2013-06-10 07:22:46+05:30,50.17,-31.133,0.971,229.28,220.539,222.726
2013-06-10 07:22:47+05:30,50.17,-28.378,0.931,229.45,211.799,213.692
2013-06-10 07:22:48+05:30,50.17,-29.662,0.946,229.44,214.974,217.011
2013-06-10 07:22:49+05:30,50.18,-27.676,0.919,229.43,208.947,210.772
2013-06-10 07:22:50+05:30,50.19,-29.789,0.948,229.27,215.208,217.26
2013-06-10 07:22:51+05:30,50.17,-27.77,0.927,229.56,210.948,212.769
2013-06-10 07:22:52+05:30,50.19,-28.937,0.943,229.4,214.426,216.37
2013-06-10 07:22:53+05:30,50.19,-28.655,0.938,229.35,213.177,215.094
2013-06-10 07:22:54+05:30,50.2,-28.161,0.933,229.48,212.246,214.106
2013-06-10 07:22:55+05:30,50.19,-28.303,0.937,229.36,213.006,214.878
2013-06-10 07:22:56+05:30,50.19,-27.898,0.928,229.46,211.206,213.041
2013-06-10 07:22:57+05:30,50.19,-29.866,0.944,229.37,214.44,216.51
2013-06-10 07:22:58+05:30,50.19,-30.471,0.958,229.37,217.592,219.716
2013-06-10 07:22:59+05:30,50.19,-30.654,0.988,229.34,224.513,226.596
2013-06-10 07:23:00+05:30,50.19,-30.185,0.971,229.28,220.688,222.743
2013-06-10 07:23:01+05:30,50.2,-28.737,0.943,229.4,214.322,216.24
2013-06-10 07:23:02+05:30,50.19,-29.085,0.953,229.5,216.68,218.623
2013-06-10 07:23:03+05:30,50.18,-30.139,0.953,229.44,216.584,218.671
2013-06-10 07:23:04+05:30,50.19,-28.895,0.937,229.48,213.081,215.031
2013-06-10 07:23:05+05:30,50.2,-28.013,0.921,229.66,209.699,211.562
2013-06-10 07:23:06+05:30,50.21,-28.085,0.927,229.53,210.995,212.856
2013-06-10 07:23:07+05:30,50.19,-31.449,0.971,229.48,220.598,222.828
2013-06-10 07:23:08+05:30,50.21,-32.413,0.973,229.53,220.911,223.277
2013-06-10 07:23:09+05:30,50.19,-28.998,0.926,229.52,210.662,212.648
2013-06-10 07:23:10+05:30,50.18,-28.897,0.934,229.6,212.481,214.437
2013-06-10 07:23:11+05:30,50.2,-31.121,0.954,229.49,216.697,218.92
2013-06-10 07:23:12+05:30,50.19,-27.34,0.924,229.65,210.343,212.112
2013-06-10 07:23:13+05:30,50.21,-27.717,0.932,229.71,212.376,214.177
2013-06-10 07:23:14+05:30,50.19,-27.595,0.928,229.48,211.119,212.914
2013-06-10 07:23:15+05:30,50.21,-27.405,0.922,229.54,209.88,211.661
2013-06-10 07:23:16+05:30,50.19,-27.116,0.92,229.59,209.527,211.274
2013-06-10 07:23:17+05:30,50.19,-27.461,0.924,229.52,210.198,211.984
2013-06-10 07:23:18+05:30,50.18,-29.108,0.953,229.39,216.774,218.719
2013-06-10 07:23:19+05:30,50.2,-26.749,0.916,229.52,208.503,210.212
2013-06-10 07:23:20+05:30,50.2,-27.183,0.92,229.42,209.312,211.07
2013-06-10 07:23:21+05:30,50.17,-27.103,0.917,229.44,208.705,210.458
2013-06-10 07:23:22+05:30,50.19,-26.348,0.903,229.55,205.614,207.295
2013-06-10 07:23:23+05:30,50.18,-27.309,0.915,229.48,208.111,209.896
2013-06-10 07:23:24+05:30,50.18,-27.848,0.921,229.61,209.639,211.48
2013-06-10 07:23:25+05:30,50.18,-27.02,0.917,229.43,208.585,210.328
2013-06-10 07:23:26+05:30,50.17,-28.252,0.932,229.51,212.002,213.877
2013-06-10 07:23:27+05:30,50.18,-27.849,0.921,229.62,209.673,211.514
2013-06-10 07:23:28+05:30,50.19,-27.131,0.918,229.57,208.92,210.675
2013-06-10 07:23:29+05:30,50.2,-26.943,0.913,229.51,207.749,209.489
2013-06-10 07:23:30+05:30,50.19,-28.632,0.948,229.59,215.679,214.07
2013-06-10 07:23:31+05:30,50.19,-28.684,0.944,229.61,215.002,216.15
2013-06-10 07:23:32+05:30,50.18,-26.942,0.916,229.6,209.823,210.474
2013-06-10 07:23:33+05:30,50.18,-26.415,0.91,229.65,207.449,208.999
2013-06-10 07:23:34+05:30,50.19,-26.725,0.914,229.69,208.158,209.826
2013-06-10 07:23:35+05:30,50.21,-26.818,0.916,229.71,208.247,210.515
2013-06-10 07:23:36+05:30,50.18,-27.193,0.919,229.55,209.216,210.976
2013-06-10 07:23:37+05:30,50.17,-28.045,0.927,229.53,210.871,212.728
2013-06-10 07:23:38+05:30,50.22,-28.956,0.936,229.58,212.994,214.953
2013-06-10 07:23:39+05:30,50.18,-29.109,0.947,229.36,215.191,217.151
2013-06-10 07:23:40+05:30,50.21,-30.861,0.97,229.32,220.233,222.384
2013-06-10 07:23:41+05:30,50.2,-30.517,0.972,229.24,220.685,222.785
2013-06-10 07:23:42+05:30,50.2,-29.73,0.96,229.44,218.321,220.336
2013-06-10 07:23:43+05:30,50.19,-29.447,0.965,229.47,219.399,221.366
2013-06-10 07:23:44+05:30,50.21,-30.061,0.958,229.41,217.704,219.77
2013-06-10 07:23:45+05:30,50.2,-31.075,0.974,229.37,221.129,223.302
2013-06-10 07:23:46+05:30,50.21,-30.525,0.975,229.35,221.539,223.632
2013-06-10 07:23:47+05:30,50.22,-29.673,0.973,229.39,221.188,223.17
2013-06-10 07:23:48+05:30,50.21,-29.599,0.955,229.35,217.026,219.035
2013-06-10 07:23:49+05:30,50.19,-28.959,0.942,229.53,214.3,216.248
2013-06-10 07:23:50+05:30,50.21,-29.387,0.961,229.44,218.597,220.563
2013-06-10 07:23:51+05:30,50.22,-30.073,0.959,229.44,218.064,220.128
2013-06-10 07:23:52+05:30,50.21,-28.635,0.944,229.46,214.762,216.663
2013-06-10 07:23:53+05:30,50.22,-27.895,0.932,229.46,211.961,213.788
2013-06-10 07:23:54+05:30,50.2,-27.834,0.932,229.56,212.106,213.924
2013-06-10 07:23:55+05:30,50.21,-27.289,0.92,229.5,209.31,211.081
2013-06-10 07:23:56+05:30,50.2,-27.675,0.931,229.5,211.772,213.573
2013-06-10 07:23:57+05:30,50.21,-29.445,0.955,229.54,217.169,219.156
2013-06-10 07:23:58+05:30,50.2,-30.734,1.007,229.3,228.84,230.894
2013-06-10 07:23:59+05:30,50.2,-30.651,1,229.27,227.243,229.301
2013-06-10 07:24:00+05:30,50.2,-29.19,0.953,229.38,216.665,218.623
2013-06-10 07:24:01+05:30,50.2,-29.696,0.963,229.23,218.705,220.711
2013-06-10 07:24:02+05:30,50.19,-30.164,0.979,229.26,222.382,224.418
2013-06-10 07:24:03+05:30,50.19,-29.735,0.969,229.22,220.153,222.152
2013-06-10 07:24:04+05:30,50.18,-29.822,0.974,229.17,221.313,223.314
2013-06-10 07:24:05+05:30,50.19,-28.505,0.947,229.22,215.236,217.115
2013-06-10 07:24:06+05:30,50.18,-28.324,0.927,229.12,210.507,212.404
2013-06-10 07:24:07+05:30,50.18,-28.15,0.935,229.16,212.364,214.221
2013-06-10 07:24:08+05:30,50.18,-30.086,0.988,229.14,224.47,226.477
2013-06-10 07:24:09+05:30,50.16,-30.196,0.974,229.19,221.171,223.223
2013-06-10 07:24:10+05:30,50.18,-28.122,0.942,229.32,214.155,215.993
2013-06-10 07:24:11+05:30,50.19,-29.408,0.967,229.46,219.924,221.881
2013-06-10 07:24:12+05:30,50.19,-30.071,0.981,229.24,222.786,224.807
2013-06-10 07:24:13+05:30,50.17,-29.298,0.963,229.36,219.02,220.971
2013-06-10 07:24:14+05:30,50.18,-28.333,0.943,229.41,214.453,216.316
2013-06-10 07:24:15+05:30,50.18,-28.269,0.946,229.37,215.047,216.898
2013-06-10 07:24:16+05:30,50.19,-29.854,0.956,229.32,217.278,219.32
2013-06-10 07:24:17+05:30,50.18,-29.004,0.937,229.3,212.894,214.86
2013-06-10 07:24:18+05:30,50.16,-29.207,0.952,229.28,216.257,218.221
2013-06-10 07:24:19+05:30,50.16,-30.451,0.978,229.35,222.262,224.339
2013-06-10 07:24:20+05:30,50.17,-30.012,0.981,229.34,222.857,224.869
2013-06-10 07:24:21+05:30,50.19,-30.279,0.987,229.27,224.28,226.315
2013-06-10 07:24:22+05:30,50.17,-27.272,0.924,229.56,210.455,212.215
2013-06-10 07:24:23+05:30,50.19,-29.93,0.984,229.24,223.626,225.62
2013-06-10 07:24:24+05:30,50.18,-29.789,0.971,229.34,220.692,222.693
2013-06-10 07:24:25+05:30,50.18,-30.472,1,229.4,227.379,229.412
2013-06-10 07:24:26+05:30,50.16,-28.536,0.949,229.45,215.891,217.769
2013-06-10 07:24:27+05:30,50.18,-27.819,0.935,229.33,212.515,214.328
2013-06-10 07:24:28+05:30,50.16,-29.281,0.948,229.32,215.498,217.478
2013-06-10 07:24:29+05:30,50.17,-29.774,0.962,229.35,218.568,220.586
2013-06-10 07:24:30+05:30,50.17,-29.485,0.952,229.45,216.348,218.348
2013-06-10 07:24:31+05:30,50.18,-28.809,0.955,229.39,217.107,224.178
2013-06-10 07:24:32+05:30,50.17,-28.797,0.974,229.39,221.261,218.135
2013-06-10 07:24:33+05:30,50.17,-28.864,0.957,229.54,216.489,219.625
2013-06-10 07:24:34+05:30,50.18,-29.198,0.968,229.43,215.48,222.002
2013-06-10 07:24:35+05:30,50.17,-29.772,0.967,229.43,221.598,221.992
2013-06-10 07:24:36+05:30,50.18,-29.772,0.968,229.53,222.895,222.176
2013-06-10 07:24:37+05:30,50.17,-28.757,0.95,229.52,216.188,218.092
2013-06-10 07:24:38+05:30,50.19,-29.519,0.949,229.66,215.954,217.962
2013-06-10 07:24:39+05:30,50.17,-28.554,0.948,229.54,215.715,217.597
2013-06-10 07:24:40+05:30,50.17,-28.876,0.945,229.54,215.076,217.005
2013-06-10 07:24:41+05:30,50.19,-28.737,0.945,229.85,215.322,217.231
2013-06-10 07:24:42+05:30,50.18,-28.859,0.944,229.72,214.91,216.839
2013-06-10 07:24:43+05:30,50.16,-29.188,0.957,229.74,217.809,219.756
2013-06-10 07:24:44+05:30,50.17,-29.038,0.947,229.85,215.78,217.725
2013-06-10 07:24:45+05:30,50.18,-28.427,0.943,229.78,214.774,216.647
2013-06-10 07:24:46+05:30,50.18,-29.387,0.971,229.73,221.179,223.123
2013-06-10 07:24:47+05:30,50.17,-27.89,0.94,229.74,214.082,215.891
2013-06-10 07:24:48+05:30,50.18,-27.96,0.937,229.79,213.522,215.345
2013-06-10 07:24:49+05:30,50.19,-27.654,0.941,229.79,214.364,216.14
2013-06-10 07:24:50+05:30,50.17,-27.309,0.928,229.8,211.432,213.188
2013-06-10 07:24:51+05:30,50.19,-28.891,0.962,229.73,218.993,220.89
2013-06-10 07:24:52+05:30,50.17,-28.427,0.949,229.93,216.277,218.137
2013-06-10 07:24:53+05:30,50.19,-28.358,0.943,229.77,214.813,216.677
2013-06-10 07:24:54+05:30,50.15,-29.633,0.971,229.8,221.134,223.11
2013-06-10 07:24:55+05:30,50.16,-29.183,0.968,229.84,220.579,222.501
2013-06-10 07:24:56+05:30,50.15,-28.523,0.955,229.87,217.729,219.59
2013-06-10 07:24:57+05:30,50.16,-29.624,0.981,229.76,223.433,225.388
2013-06-10 07:24:58+05:30,50.15,-27.793,0.935,229.86,213.037,214.842
2013-06-10 07:24:59+05:30,50.16,-27.064,0.918,229.94,209.252,210.995
2013-06-10 07:25:00+05:30,50.17,-29.328,0.967,229.86,220.255,222.199
2013-06-10 07:25:01+05:30,50.17,-28.416,0.942,229.87,214.732,216.604
2013-06-10 07:25:03+05:30,50.17,-26.506,0.918,229.91,209.274,210.946
2013-06-10 07:25:04+05:30,50.16,-29.143,0.961,229.8,218.941,220.872
2013-06-10 07:25:05+05:30,50.17,-29.633,0.973,229.7,221.421,223.396
2013-06-10 07:25:06+05:30,50.15,-29.433,0.95,229.79,216.259,218.253
2013-06-10 07:25:07+05:30,50.18,-30.401,0.985,229.81,224.37,226.421
2013-06-10 07:25:08+05:30,50.15,-29.437,0.961,229.8,218.828,220.799
2013-06-10 07:25:09+05:30,50.19,-29.048,0.942,229.87,214.629,216.585
2013-06-10 07:25:10+05:30,50.16,-28.533,0.947,229.72,215.596,217.476
2013-06-10 07:25:11+05:30,50.17,-29.691,0.969,229.8,220.65,222.639
2013-06-10 07:25:12+05:30,50.15,-28.378,0.947,229.77,215.853,217.711
2013-06-10 07:25:13+05:30,50.18,-30.136,0.973,229.96,221.789,223.827
2013-06-10 07:25:14+05:30,50.18,-29.113,0.966,229.77,220.092,222.009
2013-06-10 07:25:15+05:30,50.17,-27.392,0.928,229.83,211.629,213.395
2013-06-10 07:25:16+05:30,50.17,-28.652,0.951,229.77,216.544,218.431
2013-06-10 07:25:17+05:30,50.18,-28.61,0.954,229.73,217.25,219.126
2013-06-10 07:25:18+05:30,50.18,-28.299,0.947,229.71,215.605,217.454
2013-06-10 07:25:19+05:30,50.16,-30.895,0.991,229.69,225.605,227.711
2013-06-10 07:25:20+05:30,50.18,-29.482,0.963,229.73,219.218,221.191
2013-06-10 07:25:21+05:30,50.19,-28.333,0.946,229.86,215.557,217.411
2013-06-10 07:25:22+05:30,50.18,-28.601,0.947,229.85,215.795,217.682
2013-06-10 07:25:23+05:30,50.19,-27.91,0.937,229.84,213.562,215.378
2013-06-10 07:25:24+05:30,50.18,-27.423,0.929,229.9,211.739,213.507
2013-06-10 07:25:25+05:30,50.17,-27.949,0.939,229.77,214.013,215.831
2013-06-10 07:25:26+05:30,50.18,-28.304,0.942,229.85,214.595,216.453
2013-06-10 07:25:27+05:30,50.18,-29.355,0.969,229.72,220.573,222.517
2013-06-10 07:25:28+05:30,50.18,-29.358,0.964,229.73,219.616,221.57
2013-06-10 07:25:29+05:30,50.18,-29.089,0.968,229.78,220.625,222.535
2013-06-10 07:25:30+05:30,50.18,-30.572,0.982,229.84,223.534,225.615
2013-06-10 07:25:31+05:30,50.18,-31.07,1.007,229.82,229.319,228.215
2013-06-10 07:25:32+05:30,50.17,-29.346,0.971,229.74,221.257,215.107
2013-06-10 07:25:33+05:30,50.18,-28.336,0.948,229.88,216.217,218.635
2013-06-10 07:25:34+05:30,50.18,-29.446,0.974,229.82,220.131,223.96
2013-06-10 07:25:35+05:30,50.17,-29.484,0.977,229.86,221.194,224.459
2013-06-10 07:25:36+05:30,50.19,-28.578,0.959,229.85,219.707,220.514
2013-06-10 07:25:37+05:30,50.17,-28.427,0.949,230.03,216.383,218.242
2013-06-10 07:25:38+05:30,50.17,-27.939,0.932,229.99,212.501,214.329
2013-06-10 07:25:39+05:30,50.17,-27.718,0.935,230.03,213.37,215.163
2013-06-10 07:25:40+05:30,50.17,-27.168,0.926,230.03,211.206,212.946
2013-06-10 07:25:41+05:30,50.17,-26.744,0.922,230.09,210.452,212.145
2013-06-10 07:25:42+05:30,50.18,-27.089,0.918,230.01,209.458,211.203
2013-06-10 07:25:43+05:30,50.19,-26.082,0.907,230.12,207.155,208.791
2013-06-10 07:25:44+05:30,50.17,-28.752,0.94,230.02,214.31,216.23
2013-06-10 07:25:45+05:30,50.18,-27.758,0.937,230.12,213.881,215.675
2013-06-10 07:25:46+05:30,50.18,-28.655,0.941,230.15,214.639,216.544
2013-06-10 07:25:47+05:30,50.18,-27.586,0.931,230.17,212.396,214.179
2013-06-10 07:25:48+05:30,50.17,-26.273,0.906,229.83,206.656,208.32
2013-06-10 07:25:49+05:30,50.18,-29.386,0.95,229.68,216.236,218.224
2013-06-10 07:25:50+05:30,50.17,-29.026,0.938,229.66,213.452,215.417
2013-06-10 07:25:51+05:30,50.16,-29.023,0.954,229.61,217.221,219.151
2013-06-10 07:25:52+05:30,50.17,-30.993,0.97,229.65,220.665,222.831
2013-06-10 07:25:53+05:30,50.17,-29.955,0.958,229.64,217.919,219.968
2013-06-10 07:25:54+05:30,50.18,-29.519,0.974,229.64,221.773,223.729
2013-06-10 07:25:55+05:30,50.18,-30.66,0.983,229.55,223.454,225.547
2013-06-10 07:25:56+05:30,50.17,-29.18,0.96,229.6,218.537,220.476
2013-06-10 07:25:57+05:30,50.18,-26.596,0.913,229.63,207.979,209.672
2013-06-10 07:25:58+05:30,50.19,-27.315,0.929,229.68,211.514,213.27
2013-06-10 07:25:59+05:30,50.19,-28.926,0.962,230.48,219.756,221.652
2013-06-10 07:26:00+05:30,50.17,-30.38,0.969,230.52,221.287,223.363
2013-06-10 07:26:01+05:30,50.17,-27.494,0.932,230.59,213.163,214.929
2013-06-10 07:26:02+05:30,50.19,-26.322,0.91,230.55,208.235,209.892
2013-06-10 07:26:03+05:30,50.19,-26.134,0.908,230.51,207.56,209.199
2013-06-10 07:26:04+05:30,50.19,-26.612,0.919,230.45,210.221,211.898
2013-06-10 07:26:05+05:30,50.17,-26.54,0.916,230.44,209.459,211.133
2013-06-10 07:26:06+05:30,50.18,-27.613,0.937,230.45,214.067,215.84
2013-06-10 07:26:07+05:30,50.19,-29.247,0.971,230.38,221.668,223.589
2013-06-10 07:26:08+05:30,50.19,-28.783,0.95,230.49,217.074,218.974
2013-06-10 07:26:09+05:30,50.18,-27.407,0.936,230.51,214.034,215.781
2013-06-10 07:26:10+05:30,50.19,-28.364,0.949,230.51,216.814,218.662
2013-06-10 07:26:12+05:30,50.19,-28.09,0.95,230.46,217.076,218.886
2013-06-10 07:26:13+05:30,50.18,-27.863,0.941,230.56,215.241,217.037
2013-06-10 07:26:14+05:30,50.18,-28.868,0.957,230.46,218.712,220.609
2013-06-10 07:26:15+05:30,50.17,-28.572,0.957,230.54,218.705,220.564
2013-06-10 07:26:16+05:30,50.18,-27.292,0.934,230.57,213.703,215.439
2013-06-10 07:26:17+05:30,50.18,-27.779,0.943,230.61,215.656,217.438
2013-06-10 07:26:18+05:30,50.18,-28.529,0.958,230.51,219.075,220.925
2013-06-10 07:26:19+05:30,50.16,-29.068,0.966,230.61,220.899,222.803
2013-06-10 07:26:20+05:30,50.18,-27.253,0.934,230.67,213.723,215.453
2013-06-10 07:26:21+05:30,50.19,-27.933,0.943,230.69,215.811,217.612
2013-06-10 07:26:22+05:30,50.19,-28.394,0.949,230.67,217.092,218.941
2013-06-10 07:26:23+05:30,50.19,-28.288,0.953,230.72,218.124,219.951
2013-06-10 07:26:24+05:30,50.19,-29.345,0.971,230.65,221.994,223.925
2013-06-10 07:26:25+05:30,50.19,-28.505,0.943,230.68,215.705,217.581
2013-06-10 07:26:26+05:30,50.18,-27.53,0.937,230.66,214.363,216.123
2013-06-10 07:26:27+05:30,50.17,-30.032,0.958,230.64,218.802,220.853
2013-06-10 07:26:28+05:30,50.17,-27.84,0.943,230.78,215.851,217.639
2013-06-10 07:26:29+05:30,50.18,-27.431,0.936,230.77,214.286,216.035
2013-06-10 07:26:30+05:30,50.2,-28.716,0.963,231.6,221.238,223.094
2013-06-10 07:26:31+05:30,50.21,-29.011,0.967,231.6,222.095,227.372
2013-06-10 07:26:32+05:30,50.18,-28.989,0.972,231.61,223.322,222.005
2013-06-10 07:26:33+05:30,50.19,-28.815,0.957,231.61,219.913,223.451
2013-06-10 07:26:34+05:30,50.19,-29.142,0.959,231.64,221.104,221.922
2013-06-10 07:26:35+05:30,50.19,-28.128,0.95,231.48,227.667,219.892
2013-06-10 07:26:36+05:30,50.21,-27.586,0.943,231.61,218.057,218.358
2013-06-10 07:26:37+05:30,50.19,-27.74,0.944,231.57,216.094,218.681
2013-06-10 07:26:38+05:30,50.19,-27.768,0.946,231.66,217.395,219.161
2013-06-10 07:26:39+05:30,50.21,-27.887,0.947,231.65,217.709,219.488
2013-06-10 07:26:40+05:30,50.19,-28.646,0.964,231.55,221.263,223.11
2013-06-10 07:26:41+05:30,50.2,-27.895,0.952,231.51,218.583,220.356
2013-06-10 07:26:42+05:30,50.21,-26.916,0.93,231.4,213.41,215.101
2013-06-10 07:26:43+05:30,50.2,-26.801,0.928,231.47,213.123,214.801
2013-06-10 07:26:44+05:30,50.21,-26.03,0.918,231.5,210.965,212.565
2013-06-10 07:26:45+05:30,50.22,-26.938,0.934,231.49,214.56,216.245
2013-06-10 07:26:46+05:30,50.19,-26.472,0.924,231.6,212.441,214.084
2013-06-10 07:26:47+05:30,50.19,-26.265,0.923,231.6,212.247,213.866
2013-06-10 07:26:48+05:30,50.18,-27.435,0.942,231.58,216.381,218.113
2013-06-10 07:26:49+05:30,50.22,-26.53,0.924,231.64,212.337,213.988
2013-06-10 07:26:50+05:30,50.22,-26.435,0.921,231.66,211.681,213.325
2013-06-10 07:26:51+05:30,50.21,-26.63,0.927,231.71,213.235,214.891
2013-06-10 07:26:52+05:30,50.2,-27.334,0.94,231.71,216.137,217.858
2013-06-10 07:26:53+05:30,50.21,-26.349,0.923,231.81,212.31,213.939
2013-06-10 07:26:54+05:30,50.21,-26.026,0.916,231.77,210.684,212.285
2013-06-10 07:26:55+05:30,50.22,-27.024,0.923,231.74,212.202,213.916
2013-06-10 07:26:56+05:30,50.21,-27.298,0.94,231.75,216.066,217.784
2013-06-10 07:26:57+05:30,50.23,-26.54,0.926,231.9,213.137,214.783
2013-06-10 07:26:58+05:30,50.21,-24.356,0.897,231.02,205.778,207.214
2013-06-10 07:26:59+05:30,50.21,-25.307,0.905,231.62,208.144,209.677
2013-06-10 07:27:00+05:30,50.21,-25.489,0.907,231.58,208.44,209.992
2013-06-10 07:27:01+05:30,50.22,-27.01,0.926,231.55,212.595,214.304
2013-06-10 07:27:02+05:30,50.21,-26.657,0.921,231.59,211.712,213.384
2013-06-10 07:27:03+05:30,50.23,-25.375,0.905,231.58,208.052,209.594
2013-06-10 07:27:04+05:30,50.24,-26.178,0.918,231.7,211.075,212.692
2013-06-10 07:27:05+05:30,50.24,-26.804,0.93,231.65,213.842,215.516
2013-06-10 07:27:06+05:30,50.22,-28.194,0.95,231.5,218.203,220.017
2013-06-10 07:27:07+05:30,50.23,-26.706,0.931,231.68,214.124,215.783
2013-06-10 07:27:08+05:30,50.23,-26.609,0.922,231.77,212.025,213.688
2013-06-10 07:27:09+05:30,50.21,-26.837,0.927,231.77,213.156,214.838
2013-06-10 07:27:10+05:30,50.24,-27.273,0.939,231.87,216.022,217.737
2013-06-10 07:27:11+05:30,50.24,-28.222,0.956,231.81,219.722,221.527
2013-06-10 07:27:12+05:30,50.24,-29.346,0.966,231.77,221.858,223.791
2013-06-10 07:27:13+05:30,50.25,-27.231,0.934,231.72,214.764,216.484
2013-06-10 07:27:14+05:30,50.25,-29.276,0.969,231.65,222.453,224.372
2013-06-10 07:27:15+05:30,50.24,-30.101,0.984,231.68,226.042,228.038
2013-06-10 07:27:16+05:30,50.24,-29.708,0.983,231.63,225.866,227.812
2013-06-10 07:27:17+05:30,50.25,-28.603,0.954,231.68,219.256,221.114
2013-06-10 07:27:18+05:30,50.25,-28.344,0.958,231.66,220.158,221.975
2013-06-10 07:27:19+05:30,50.24,-28.776,0.963,231.72,221.263,223.127
2013-06-10 07:27:20+05:30,50.26,-27.101,0.935,231.78,215.113,216.813
2013-06-10 07:27:21+05:30,50.24,-30.146,0.976,231.78,224.106,226.124
2013-06-10 07:27:22+05:30,50.26,-29.524,0.98,231.75,225.296,227.223
2013-06-10 07:27:23+05:30,50.25,-28.984,0.973,231.8,223.744,225.613
2013-06-10 07:27:24+05:30,50.24,-27.887,0.943,231.84,216.942,218.727
2013-06-10 07:27:25+05:30,50.26,-26.843,0.929,231.91,213.696,215.375
2013-06-10 07:27:26+05:30,50.25,-27.281,0.939,231.87,215.935,217.652
2013-06-10 07:27:27+05:30,50.26,-26.966,0.931,231.95,214.22,215.91
2013-06-10 07:27:28+05:30,50.27,-28.016,0.95,231.96,218.484,220.273
2013-06-10 07:27:29+05:30,50.26,-28.834,0.967,231.87,222.461,224.322
2013-06-10 07:27:30+05:30,50.24,-30.167,0.98,231.91,225.204,227.216
2013-06-10 07:27:31+05:30,50.26,-27.796,0.942,231.89,216.727,218.503
2013-06-10 07:27:32+05:30,50.27,-28.308,0.953,231.87,219.207,219.517
2013-06-10 07:27:33+05:30,50.28,-28.977,0.958,231.97,220.223,220.024
2013-06-10 07:27:34+05:30,50.27,-30.151,0.95,231.92,218.365,222.282
2013-06-10 07:27:35+05:30,50.27,-28.473,0.956,231.9,223.156,221.838
2013-06-10 07:27:36+05:30,50.27,-29.718,0.984,231.95,224.72,228.056
2013-06-10 07:27:37+05:30,50.29,-29.045,0.969,231.9,222.692,224.696
2013-06-10 07:27:38+05:30,50.28,-29.379,0.973,231.88,223.772,225.705
2013-06-10 07:27:39+05:30,50.27,-28.933,0.957,231.85,220.102,221.995
2013-06-10 07:27:40+05:30,50.28,-28.212,0.945,231.65,217.198,219.023
2013-06-10 07:27:41+05:30,50.28,-27.6,0.943,231.73,216.742,218.493
2013-06-10 07:27:42+05:30,50.29,-28.346,0.952,231.72,218.695,220.524
2013-06-10 07:27:43+05:30,50.27,-31.128,0.985,231.73,226.089,228.222
2013-06-10 07:27:44+05:30,50.29,-28.114,0.954,231.76,219.231,221.026
2013-06-10 07:27:45+05:30,50.27,-29.802,0.987,231.67,226.666,228.617
2013-06-10 07:27:46+05:30,50.29,-29.762,0.98,231.66,225.001,226.961
2013-06-10 07:27:47+05:30,50.28,-29.713,0.973,231.79,223.61,225.575
2013-06-10 07:27:48+05:30,50.3,-29.993,0.993,231.73,228.122,230.085
2013-06-10 07:27:49+05:30,50.3,-29.301,0.974,231.77,223.805,225.715
2013-06-10 07:27:50+05:30,50.29,-28.938,0.966,231.81,222.123,224
2013-06-10 07:27:51+05:30,50.28,-29.303,0.957,231.81,219.957,221.9
2013-06-10 07:27:52+05:30,50.27,-29.129,0.958,231.8,220.253,222.171
2013-06-10 07:27:53+05:30,50.27,-28.868,0.96,231.72,220.544,222.425
2013-06-10 07:27:54+05:30,50.28,-31.153,1.006,231.69,230.879,232.972
2013-06-10 07:27:55+05:30,50.27,-28.982,0.964,231.76,221.46,223.349
2013-06-10 07:27:56+05:30,50.29,-28.032,0.95,231.75,218.415,220.207
2013-06-10 07:27:57+05:30,50.27,-32.321,1.001,231.64,229.51,231.774
2013-06-10 07:27:58+05:30,50.29,-31.061,0.975,231.66,223.783,225.928
2013-06-10 07:27:59+05:30,50.29,-30.563,0.956,231.83,219.556,221.673
2013-06-10 07:28:00+05:30,50.26,-29.3,0.954,231.73,219.225,221.175
2013-06-10 07:28:01+05:30,50.27,-29.035,0.963,231.73,221.211,223.109
2013-06-10 07:28:02+05:30,50.27,-29.737,0.98,231.68,225.038,226.994
2013-06-10 07:28:03+05:30,50.29,-28.168,0.956,231.63,219.677,221.476
2013-06-10 07:28:04+05:30,50.27,-30.559,0.979,231.76,224.744,226.812
2013-06-10 07:28:05+05:30,50.27,-30.43,0.969,231.71,222.516,224.587
2013-06-10 07:28:06+05:30,50.28,-28.774,0.953,231.77,219.056,220.938
2013-06-10 07:28:07+05:30,50.28,-28.309,0.955,231.75,219.399,221.218
2013-06-10 07:28:08+05:30,50.27,-26.796,0.927,231.89,213.184,214.862
2013-06-10 07:28:09+05:30,50.26,-26.733,0.925,231.84,212.672,214.345
2013-06-10 07:28:10+05:30,50.26,-27.103,0.934,231.82,214.818,216.521
2013-06-10 07:28:11+05:30,50.26,-26.862,0.931,231.93,214.324,216
2013-06-10 07:28:12+05:30,50.27,-26.265,0.923,231.89,212.357,213.975
2013-06-10 07:28:13+05:30,50.27,-26.901,0.912,229.39,207.402,209.14
2013-06-10 07:28:14+05:30,50.28,-27.977,0.932,230.25,212.832,214.663
2013-06-10 07:28:15+05:30,50.26,-27.456,0.934,230.61,213.732,215.488
2013-06-10 07:28:16+05:30,50.26,-27.73,0.925,230.77,211.592,213.402
2013-06-10 07:28:17+05:30,50.25,-27.693,0.927,230.81,212.197,213.996
2013-06-10 07:28:18+05:30,50.27,-28.102,0.941,230.84,215.367,217.193
2013-06-10 07:28:19+05:30,50.27,-28.051,0.944,230.83,216.105,217.918
2013-06-10 07:28:20+05:30,50.27,-27.506,0.934,230.91,213.872,215.633
2013-06-10 07:28:21+05:30,50.26,-27.858,0.941,230.91,215.476,217.269
2013-06-10 07:28:22+05:30,50.28,-29.667,0.973,230.94,222.675,224.642
2013-06-10 07:28:23+05:30,50.28,-29.834,0.983,230.94,224.944,226.914
2013-06-10 07:28:24+05:30,50.28,-28.694,0.963,231.01,220.71,222.567
2013-06-10 07:28:25+05:30,50.27,-29.223,0.969,231.05,221.899,223.815
2013-06-10 07:28:26+05:30,50.3,-30.065,0.995,230.97,227.816,229.792
2013-06-10 07:28:27+05:30,50.26,-28.515,0.958,231.12,219.659,221.502
2013-06-10 07:28:28+05:30,50.26,-28.65,0.957,231.23,219.423,221.286
2013-06-10 07:28:29+05:30,50.26,-30.549,1.003,231.12,229.874,231.895
2013-06-10 07:28:31+05:30,50.28,-28.437,0.958,231.19,219.713,221.546
2013-06-10 07:28:32+05:30,50.26,-28.714,0.959,231.19,219.842,221.709
2013-06-10 07:28:33+05:30,50.27,-27.852,0.951,231.18,217.984,219.756
2013-06-10 07:28:34+05:30,50.25,-29.5,0.966,231.27,221.452,221.543
2013-06-10 07:28:35+05:30,50.27,-28.818,0.962,231.19,220.583,223.116
2013-06-10 07:28:36+05:30,50.28,-29.907,0.991,231.23,217.101,229.091
2013-06-10 07:28:37+05:30,50.26,-30.981,0.994,231.17,229.393,229.644
2013-06-10 07:28:38+05:30,50.28,-29.627,0.981,231.12,224.812,226.667
2013-06-10 07:28:39+05:30,50.27,-29.902,0.981,231.03,224.709,226.69
2013-06-10 07:28:40+05:30,50.26,-26.814,0.925,231.04,212.034,213.723
2013-06-10 07:28:41+05:30,50.27,-26.986,0.933,231.06,213.898,215.594
2013-06-10 07:28:42+05:30,50.28,-29.052,0.965,231.11,221.223,223.122
2013-06-10 07:28:43+05:30,50.28,-26.557,0.925,231.18,212.236,213.891
2013-06-10 07:28:44+05:30,50.28,-28.214,0.943,231.08,216.004,217.839
2013-06-10 07:28:45+05:30,50.26,-30.115,0.969,231.07,221.785,223.821
2013-06-10 07:28:46+05:30,50.25,-29.369,0.971,231.22,222.654,224.582
2013-06-10 07:28:47+05:30,50.27,-30.528,1.005,231.36,230.514,232.527
2013-06-10 07:28:48+05:30,50.28,-29.56,0.98,231.32,224.839,226.774
2013-06-10 07:28:49+05:30,50.27,-26.884,0.925,231.41,212.368,214.062
2013-06-10 07:28:50+05:30,50.27,-29.255,0.975,231.34,223.587,225.492
2013-06-10 07:28:51+05:30,50.26,-29.748,0.99,231.35,227.131,229.07
2013-06-10 07:28:52+05:30,50.25,-27.177,0.939,231.46,215.721,217.426
2013-06-10 07:28:53+05:30,50.28,-27.266,0.939,231.5,215.576,217.294
2013-06-10 07:28:54+05:30,50.27,-26.842,0.928,231.61,213.231,214.913
2013-06-10 07:28:55+05:30,50.28,-27.303,0.936,231.63,215.196,216.921
2013-06-10 07:28:56+05:30,50.28,-27.541,0.941,231.57,216.126,217.874
2013-06-10 07:28:57+05:30,50.27,-27.188,0.928,230.06,211.668,213.407
2013-06-10 07:28:58+05:30,50.28,-28.53,0.95,230.89,217.551,219.414
2013-06-10 07:28:59+05:30,50.28,-26.993,0.93,230.81,212.909,214.613
2013-06-10 07:29:00+05:30,50.3,-26.017,0.914,230.75,209.316,210.926
2013-06-10 07:29:01+05:30,50.28,-26.083,0.915,230.74,209.448,211.066
2013-06-10 07:29:02+05:30,50.28,-26.462,0.922,230.7,211.063,212.715
2013-06-10 07:29:03+05:30,50.29,-26.021,0.913,230.69,208.982,210.596
2013-06-10 07:29:04+05:30,50.28,-26.809,0.928,230.71,212.439,214.124
2013-06-10 07:29:05+05:30,50.28,-27.866,0.945,230.84,216.292,218.08
2013-06-10 07:29:06+05:30,50.29,-26.319,0.923,231.07,211.749,213.378
2013-06-10 07:29:07+05:30,50.29,-26.627,0.927,230.97,212.484,214.146
2013-06-10 07:29:08+05:30,50.29,-26.706,0.921,230.97,211.096,212.778
2013-06-10 07:29:09+05:30,50.29,-27.495,0.935,231.09,214.325,216.082
2013-06-10 07:29:10+05:30,50.28,-27.969,0.947,231.09,217.138,218.932
2013-06-10 07:29:11+05:30,50.28,-28.605,0.949,230.94,217.259,219.134
2013-06-10 07:29:12+05:30,50.28,-29.788,0.987,231.01,225.991,227.946
2013-06-10 07:29:13+05:30,50.3,-29.026,0.975,230.9,223.157,225.037
2013-06-10 07:29:14+05:30,50.29,-29.511,0.983,230.93,225.118,227.044
2013-06-14 06:52:10+05:30,50.28,-28.605,0.949,230.94,217.259,219.134
2013-06-14 06:52:11+05:30,50.28,-29.788,0.987,231.01,225.991,227.946
2013-06-14 06:52:12+05:30,50.3,-29.026,0.975,230.9,223.157,225.037
2013-06-14 06:52:13+05:30,50.29,-29.511,0.983,230.93,225.118,227.044
2013-06-14 06:52:14+05:30,50.29,-29.281,0.969,230.98,221.923,223.846
2013-06-14 06:52:15+05:30,50.31,-28.244,0.952,230.92,217.971,219.794
2013-06-14 06:52:16+05:30,50.29,-28.26,0.945,230.91,216.406,218.244
2013-06-14 06:52:32+05:30,50.23,-33.223,0.986,236.27,230.484,232.866
2013-06-14 06:52:33+05:30,50.22,-33.007,0.974,235.96,227.407,229.79
2013-06-14 06:52:34+05:30,50.22,2.81,0.015,237.83,2.18,3.556
2013-06-14 06:52:35+05:30,50.21,2.54,0.014,237.56,2.255,3.397
2013-06-14 06:52:36+05:30,50.21,-67.44,1.046,235.6,236.911,246.322
2013-06-14 06:52:37+05:30,50.21,-32.547,0.923,235.74,215.227,217.674
2013-06-14 06:52:38+05:30,50.22,-33.374,0.954,235.58,222.162,224.655
2013-06-14 06:52:39+05:30,50.21,-33.382,0.947,235.54,220.63,223.141
2013-06-14 06:52:40+05:30,50.24,-34.051,0.93,235.69,216.642,219.302
2013-06-14 06:52:41+05:30,50.22,-88.62,0.423,236.91,46.768,100.204
2013-06-14 06:52:42+05:30,50.23,2.584,0.014,237.39,2.2,3.394
2013-06-14 06:52:43+05:30,50.22,127.964,0.592,236.74,57.378,140.239
2013-06-14 06:52:44+05:30,50.22,-32.562,0.968,235.58,225.615,227.952
2013-06-14 06:52:45+05:30,50.23,-32.777,0.97,235.64,226.212,228.574
2013-06-14 06:52:46+05:30,50.22,-34.49,1.011,235.57,235.53,238.041
2013-06-14 06:52:47+05:30,50.23,-31.798,0.949,235.64,221.438,223.709
2013-06-14 06:52:48+05:30,50.24,2.447,0.014,237.38,2.274,3.341
2013-06-14 06:52:49+05:30,50.23,2.484,0.014,237.33,2.192,3.313
2013-06-14 06:52:50+05:30,50.24,-33.384,0.942,235.69,219.4,221.926
2013-06-14 06:52:51+05:30,50.23,-33.446,0.956,235.76,222.969,225.463
2013-06-14 06:52:52+05:30,50.23,-32.123,0.909,235.74,211.866,214.287
2013-06-14 06:52:53+05:30,50.23,-32.822,0.925,235.67,215.4,224.269
2013-06-14 06:52:54+05:30,50.23,-100.661,0.958,235.6,223.126,182.785
2013-06-14 06:52:59+05:30,50.24,-32.404,0.953,235.36,221.979,224.331
2013-06-14 06:53:00+05:30,50.22,-31.178,0.934,235.41,217.568,219.79
2013-06-14 06:53:01+05:30,50.2,-107.444,0.64,236.45,106.671,151.403
2013-06-14 06:53:02+05:30,50.19,2.469,0.014,237.09,2.244,3.336
2013-06-14 06:53:03+05:30,50.19,-128.328,0.869,235.75,159.592,204.787
2013-06-14 06:53:04+05:30,50.18,-30.103,0.873,235.56,203.516,205.73
2013-06-14 06:53:05+05:30,50.21,-29.873,0.864,235.48,201.298,203.503
2013-06-14 06:53:06+05:30,50.21,-29.041,0.851,235.45,198.368,200.483
2013-06-14 06:53:07+05:30,50.19,-27.944,0.839,235.47,195.638,197.623
2013-06-14 06:53:08+05:30,50.19,-28.063,0.841,235.49,196.163,198.161
2013-06-14 06:53:09+05:30,50.19,2.483,0.014,237.05,2.146,3.282
2013-06-14 06:53:10+05:30,50.2,2.417,0.014,237.18,2.182,3.256
2013-06-14 06:53:11+05:30,50.19,-135.406,0.912,235.94,167.238,215.182
2013-06-14 06:53:12+05:30,50.19,-31.719,0.946,235.33,220.464,222.734
2013-06-14 06:53:13+05:30,50.2,-31.376,0.939,235.23,218.718,220.957
2013-06-14 06:53:14+05:30,50.2,-31.276,0.94,235.33,219.104,221.325
2013-06-14 06:53:15+05:30,50.19,-30.724,0.918,235.29,213.855,216.051
2013-06-14 06:53:16+05:30,50.22,2.481,0.014,237.07,2.149,3.282
2013-06-14 06:53:17+05:30,50.2,61.149,0.264,236.99,13.012,62.518
2013-06-14 06:53:18+05:30,50.22,-30.441,0.874,235.44,203.593,205.856
2013-06-14 06:53:19+05:30,50.21,-30.606,0.877,235.37,204.141,206.422
2013-06-14 06:53:20+05:30,50.21,-29.413,0.861,235.44,200.611,202.756
2013-06-14 06:53:21+05:30,50.21,-28.494,0.848,235.53,197.61,199.654
2013-06-14 06:53:22+05:30,50.21,-29.567,0.863,235.5,201.092,203.254
2013-06-14 06:53:23+05:30,50.21,2.974,0.016,237.01,2.23,3.717
2013-06-14 06:53:24+05:30,50.21,2.503,0.014,237.09,2.123,3.282
2013-06-14 06:53:29+05:30,50.22,-29.604,0.905,235.25,210.747,212.816
2013-06-14 06:53:30+05:30,50.21,2.51,0.014,237.06,2.238,3.363
2013-06-14 06:53:31+05:30,50.21,2.556,0.015,237.15,2.307,3.443
2013-06-14 06:53:32+05:30,50.2,-28.417,0.845,235.61,197.127,199.164
2013-06-14 06:53:33+05:30,50.21,-29.287,0.858,235.49,199.827,201.962
2013-06-14 06:53:34+05:30,50.21,-30.49,0.877,235.49,204.231,206.495
2013-06-14 06:53:35+05:30,50.18,-30.234,0.87,235.53,202.549,204.793
2013-06-14 06:53:36+05:30,50.2,-28.365,0.847,235.63,197.581,199.607
2013-06-14 06:53:37+05:30,50.21,12.273,0.053,237.34,2.935,12.619
2013-06-14 06:53:38+05:30,50.21,2.419,0.014,237.44,2.184,3.26
2013-06-14 06:53:39+05:30,50.2,-143.548,0.742,236.59,100.921,175.474
2013-06-14 06:53:40+05:30,50.21,-31.241,0.935,235.58,217.969,220.196
2013-06-14 06:53:41+05:30,50.21,-30.471,0.923,235.72,215.342,217.487
2013-06-14 06:53:42+05:30,50.22,-30.174,0.919,235.87,214.606,216.717
2013-06-14 06:53:43+05:30,50.21,-30.224,0.918,235.71,214.266,216.387
2013-06-14 06:53:44+05:30,50.22,2.436,0.014,237.61,2.169,3.262
2013-06-14 06:53:45+05:30,50.22,2.474,0.014,237.56,2.208,3.316
2013-06-14 06:53:46+05:30,50.22,-29.811,0.873,235.91,203.726,205.895
2013-06-14 06:53:47+05:30,50.22,-31.757,0.9,235.84,209.774,212.164
2013-06-14 06:53:48+05:30,50.23,-29.52,0.866,235.79,201.985,204.131
2013-06-14 06:53:49+05:30,50.22,-29.337,0.86,235.92,200.663,202.796
2013-06-14 06:53:50+05:30,50.23,-27.599,0.84,235.97,196.277,198.208
2013-06-14 06:53:51+05:30,50.23,-105.238,0.598,236.68,94.592,141.502
2013-06-14 06:53:52+05:30,50.23,2.503,0.014,237.41,2.13,3.287
2013-06-14 06:53:53+05:30,50.23,33.165,0.141,237.33,4.994,232.69
2013-06-14 06:53:54+05:30,50.22,-31.204,0.919,235.82,214.51,221.293
2013-06-14 06:53:59+05:30,50.23,2.502,0.014,237.49,2.132,3.287
2013-06-14 06:54:00+05:30,50.22,-30.362,0.875,236.01,204.285,206.529
2013-06-14 06:54:01+05:30,50.23,-31.145,0.883,235.94,205.925,208.267
2013-06-14 06:54:02+05:30,50.22,-29.65,0.864,235.9,201.585,203.754
2013-06-14 06:54:03+05:30,50.23,-29.122,0.863,235.92,201.446,203.541
2013-06-14 06:54:04+05:30,50.22,-29.206,0.862,235.99,201.313,203.421
2013-06-14 06:54:05+05:30,50.21,-100.524,0.554,236.8,84.158,131.101
2013-06-14 06:54:06+05:30,50.22,2.451,0.014,237.56,2.274,3.343
2013-06-14 06:54:07+05:30,50.2,2.453,0.014,237.52,2.19,3.288
2013-06-14 06:54:08+05:30,50.2,-30.241,0.918,235.85,214.454,216.575
2013-06-14 06:54:09+05:30,50.21,-31.275,0.939,235.9,219.178,221.398
2013-06-14 06:54:10+05:30,50.18,-30.257,0.919,235.91,214.563,216.686
2013-06-14 06:54:11+05:30,50.21,-30.359,0.921,235.81,215.107,217.239
2013-06-14 06:54:12+05:30,50.2,-30.097,0.918,235.75,214.203,216.307
2013-06-14 06:54:13+05:30,50.19,5.661,0.026,237.49,2.211,6.077
2013-06-14 06:54:14+05:30,50.21,2.467,0.014,237.48,2.131,3.26
2013-06-14 06:54:15+05:30,50.2,-34.713,0.888,235.84,206.47,209.368
2013-06-14 06:54:16+05:30,50.2,-29.744,0.872,235.87,203.571,205.732
2013-06-14 06:54:17+05:30,50.21,-28.174,0.841,235.88,196.393,198.404
2013-06-14 06:54:18+05:30,50.2,-27.716,0.838,235.78,195.512,197.467
2013-06-14 06:54:19+05:30,50.19,-27.647,0.838,235.69,195.557,197.502
2013-06-14 06:54:20+05:30,50.22,2.559,0.014,237.33,2.188,3.367
2013-06-14 06:54:21+05:30,50.2,2.459,0.014,237.36,2.179,3.286
2013-06-14 06:54:22+05:30,50.2,2.459,0.014,237.36,2.179,3.286
2013-06-14 06:54:23+05:30,50.22,-143.307,0.841,236.35,137.596,198.669
2013-06-14 06:54:24+05:30,50.21,-31.114,0.939,235.61,219.111,221.309
2013-06-14 06:54:29+05:30,50.21,2.482,0.014,237.52,2.198,3.315
2013-06-14 06:54:30+05:30,50.21,-28.05,0.842,235.77,196.477,198.469
2013-06-14 06:54:31+05:30,50.21,-30.232,0.878,235.69,204.788,207.007
2013-06-14 06:54:32+05:30,50.2,-28.951,0.856,235.75,199.734,201.822
2013-06-14 06:54:33+05:30,50.2,-28.836,0.85,235.62,198.175,200.262
2013-06-14 06:54:34+05:30,50.21,-27.942,0.839,235.72,195.743,197.727
2013-06-14 06:54:35+05:30,50.22,-82.514,0.393,237.14,43.493,93.275
2013-06-14 06:54:36+05:30,50.22,2.521,0.014,237.51,2.315,3.422
2013-06-14 06:54:37+05:30,50.22,41.081,0.175,237.46,6.442,41.583
2013-06-14 06:54:38+05:30,50.22,-30.758,0.934,235.72,218.052,220.211
2013-06-14 06:54:39+05:30,50.21,-30.094,0.917,235.72,214.122,216.226
2013-06-14 06:54:40+05:30,50.21,-30.611,0.924,235.59,215.448,217.612
2013-06-14 06:54:41+05:30,50.19,5.938,0.027,237.48,2.374,6.395
2013-06-14 06:54:42+05:30,50.19,5.938,0.027,237.48,2.374,6.395
2013-06-14 06:54:43+05:30,50.19,2.474,0.014,237.54,2.167,3.289
2013-06-14 06:54:44+05:30,50.18,-67.376,0.996,235.81,225.002,234.874
2013-06-14 06:54:45+05:30,50.21,-25.37,0.812,236.31,190.192,191.877
2013-06-14 06:54:46+05:30,50.22,-27.844,0.846,236.23,197.955,199.904
2013-06-14 06:54:47+05:30,50.22,-27.787,0.845,236.23,197.786,199.728
2013-06-14 06:54:48+05:30,50.21,-28.238,0.849,236.28,198.66,200.657
2013-06-14 06:54:49+05:30,50.22,-61.082,0.793,236.58,177.357,187.58
2013-06-14 06:54:50+05:30,50.23,2.536,0.014,238.2,2.192,3.352
2013-06-14 06:54:51+05:30,50.22,2.495,0.014,238.21,2.156,3.298
2013-06-14 06:54:52+05:30,50.21,-92.642,1.038,236.51,227.282,245.438
2013-06-14 06:54:53+05:30,50.22,-30.07,0.92,236.5,215.587,216.261
2013-06-14 06:54:54+05:30,50.21,-30.139,0.916,236.54,214.683,217.924
2013-06-14 06:54:55+05:30,50.24,-30.786,0.938,236.32,219.598,221.745
2013-06-14 06:54:57+05:30,50.22,-29.692,0.918,236.43,214.974,217.015
2013-06-14 06:54:58+05:30,50.23,-29.459,0.913,236.44,213.938,215.956
2013-06-14 06:54:59+05:30,50.22,-77.798,0.366,237.98,39.261,87.143
2013-06-14 06:55:00+05:30,50.23,3.734,0.028,238.27,5.522,6.666
2013-06-14 06:55:01+05:30,50.23,-112.865,0.941,236.72,191.977,222.696
2013-06-14 06:55:02+05:30,50.24,-27.197,0.882,236.52,206.879,208.659
2013-06-14 06:55:03+05:30,50.24,-24.348,0.841,236.54,197.437,198.933
2013-06-14 06:55:04+05:30,50.23,-22.458,0.822,236.58,193.119,194.42
2013-06-14 06:55:05+05:30,50.22,-21.44,0.809,236.79,190.395,191.598
2013-06-14 06:55:06+05:30,50.23,-23.264,0.83,236.73,195.054,196.436
2013-06-14 06:55:07+05:30,50.22,-24.529,0.85,236.67,199.761,201.262
2013-06-14 06:55:08+05:30,50.22,8.753,0.044,237.88,5.8,10.5
2013-06-14 06:55:09+05:30,50.23,3.695,0.028,237.9,5.486,6.614
2013-06-14 06:55:10+05:30,50.23,3.695,0.028,237.9,5.486,6.614
2013-06-14 06:55:11+05:30,50.21,102.564,0.461,237.63,38.657,109.607
2013-06-14 06:55:12+05:30,50.22,-28.624,0.922,236.03,215.812,217.702
2013-06-14 06:55:28+05:30,50.22,-29.629,0.912,236.04,213.318,215.366
2013-06-14 06:55:29+05:30,50.21,-28.75,0.895,236.01,209.278,211.244
2013-06-14 06:55:30+05:30,50.21,-28.75,0.895,236.01,209.278,211.244
2013-06-14 06:55:31+05:30,50.22,2.543,0.014,238.82,2.197,3.361
2013-06-14 06:55:32+05:30,50.22,-108.645,0.919,237.22,189.055,218.05
2013-06-14 06:55:33+05:30,50.22,-108.645,0.919,237.22,189.055,218.05
2013-06-14 06:55:34+05:30,50.22,-27.117,0.844,237.13,198.372,200.217
